% ГОСТ Р 7.0.11-2011, Приложение Б, Книги


% ГОСТ Р 7.0.11-2011, Приложение Б, Стандарты -------------------------------------------------------------------------------------------------------------------------------------
@BOOK{ACSSt,
	title = {ГОСТ 24.104-85 Единая система стандартов автоматизированных систем управления. Автоматизированные системы управления. Общие требования (с Поправкой)},
	address = {М.},
	publisher = {Стандартинформ},
	year = {2007},
	numpages = {-},
	language = {russian}
}
@online{OR1,
	title={Информационные технологии в экономике и бизнесе, Глава 4. Информационные системы организации 4.2. Информационные потоки в системах управления},
	author={Блам Юрий Шабсович, Соловецкий Александр Сергеевич},
	journal={ Интерактивный учебно-методический комплекс},
	number={-},
	pages={-},
	year={2022},
	medium={Электронный ресурс},
	url = {http://www.ieie.nsc.ru/efnsu/It/about.htm},
	urldate = {02.06.2022},
	language = {russian}
}


@BOOK{KanSor,
	author = {Кантовиц В., Соркин Р.},
	title = {Человеческий фактор.},
	edition = {{}Т. 4.},
	address = {М.},
	publisher = {Эксмо: МИРБИС},
	year = {1991},
	numpages = {-},
	language = {russian}
}

@BOOK{GolKos,
	author = {Голиков Ю. А., Костин А. Н.},
	title = {Психология автоматизации управления техникой. },
	edition = {{}},
	address = {М.},
	publisher = {},
	year = {1996},
	numpages = {-},
	language = {russian}
}

@BOOK{Inag,
	author = {Inagaki T.},
	title = {Handbook on cognitive task design. },
	edition = {{}Lawrence Erlbaum Associates},
	address = {},
	publisher = {},
	year = {2003},
	numpages = {},
	language = {russian}
}


@CONFERENCE{Anohin,
	author       = {Анохин А.Н.},
	title        = {Труды XII Всероссийского совещания по проблемам управления: ВСПУ-2014.},
	booktitle    = {Труды XII Всероссийского совещания по проблемам управления: ВСПУ-2014.},
	year         = {2014},
	editor       = {},
	volume       = {},
	series       = {},
	pages        = {},
	address      = {Москва},
	month        = {6},
	organization = {ВСПУ},
	publisher    = {ВСПУ},
	note         = {},
	language     = {russian}
}

% ГОСТ Р 7.0.11-2011, Приложение Б, Электронные ресурсы

@BOOK{Ref1,
	title = { Лапонина О. Межсетевые экраны: Информация },
	address = {Московский государственный университет имени М.В.Ломоносова},
	publisher = {Национальный Открытый Университет «ИНТУИТ»},
	year = {2022},
	note = {Электронный ресурс},
	language = {russian}
}


@BOOK{Ref2,
	author = {Григелионис Б.},
	title = { О сходимости сумм случайных ступенчатых процессов к пуассоновскому процессу. },
	edition = {Теория вероятности},
	address = {},
	publisher = {},
	year = {1963.},
	numpages = {С. 177 - 182.},
	language = {russian}
}

@BOOK{Tau,
	author = {Ким В.},
	title = { Теория автоматизированного управления. Том 2 },
	edition = {ФизМатЛит},
	address = {},
	publisher = {},
	year = {1998},
	numpages = {С. 130-132},
	language = {russian}
}

@BOOK{Korn,
	author = {Корн Г., Корн Т.},
	title = { Справочник по математике для научных работников и инженеров },
	edition = {И.: Наука},
	address = {},
	publisher = {Наука},
	year = {1968},
	numpages = {С. 720},
	language = {russian}
}

@ARTICLE{Goodfellow,
	author = {Goodfellow, Ian J. and Pouget-Abadie, Jean and Mirza, Mehdi and Xu, Bing and Warde-Farley, David and Ozair, Sherjil and Courville, Aaron and Bengio, Yoshua},
	title = {Generative Adversarial Networks},
	journal = {arXiv.org perpetual, non-exclusive license},
	year = {2014},
	number = {},
	pages = {9},
	language = {english}
}
@BOOK{Korn,
	author = {Корн Г., Корн Т.},
	title = { Справочник по математике для научных работников и инженеров },
	edition = {И.: Наука},
	address = {},
	publisher = {Наука},
	year = {1968},
	numpages = {С. 720},
	language = {russian}
}
@BOOK{ISA,
	author = {Труды ИСА РАН},
	title = { Труды ИСА РАН: Динамические системы. Наукометрия и управление наукой. Методологические проблемы системного анализа. Системный анализ в медицине и биологии. Информационные технологии},
	edition = {М.: Ленанд},
	address = {},
	publisher = {Наука},
	year = {2015},
	numpages = {С. 116},
	language = {russian}
}
@BOOK{Ref3,
	author = {Агафонов, В.А. },
	title = { Системный анализ в стратегическом управлении },
	edition = {И.: Наука},
	address = {},
	publisher = {Наука},
	year = {2016},
	numpages = {С. 306},
	language = {russian}
}
@BOOK{Ref4,
	author = { А.В. Андрейчиков, О.Н. Андрейчикова.},
	title = {  Системный анализ и синтез стратегических решений в инноватике: Математические, эвристические и интеллектуальные методы системного анализа и синтеза ин  },
	edition = {М.: Ленанд,},
	address = {},
	publisher = {Наука},
	year = {2015},
	numpages = {С. 448},
	language = {russian}
}

@BOOK{Ref5,
	author = { А.В. Андрейчиков, О.Н. Андрейчикова.},
	title = {  Системный анализ и синтез стратегических решений в инноватике: Формирование и принятие решений в образовательных учреждениях   },
	edition = {М.: Ленанд,},
	address = {},
	publisher = {Наука},
	year = {2015},
	numpages = {С. 448},
	language = {russian}
}
@BOOK{Ref6,
	author = { А.В. Андрейчиков, О.Н. Андрейчикова.},
	title = {   Системный анализ и синтез стратегических решений в инноватике: Математические, эвристические и интеллектуальные методы системного анализа и синтеза инноваций    },
	edition = {М.: Ленанд,},
	address = {},
	publisher = {Наука},
	year = {2015},
	numpages = {С. 448},
	language = {russian}
}


@BOOK{Ref7,
	author = { Антонов, А.В.},
	title = {  Системный анализ: Уч. / А.В. Антонов.  },
	edition = {М.: Ленанд,},
	address = {},
	publisher = {Наука},
	year = {2016},
	numpages = {С. 158},
	language = {russian}
}

@BOOK{Ref8,
	author = {Белов, П.Г.},
	title = { Управление рисками, системный анализ и моделирование в 3 ч. часть 1: Учебник и практикум для бакалавриата и магистратуры  },
	edition = {- Люберцы: Юрайт, },
	address = {},
	publisher = {Наука},
	year = {2016},
	numpages = {С.211},
	language = {russian}
}
@BOOK{Ref9,
	author = {Белов, П.Г.},
	title = { Управление рисками, системный анализ и моделирование в 3 ч. часть 3: Учебник и практикум для бакалавриата и магистратуры  },
	edition = {- Люберцы: Юрайт, },
	address = {},
	publisher = {Наука},
	year = {2016},
	numpages = {С.250},
	language = {russian}
}
@BOOK{Ref10,
	author = {Белов, П.Г.},
	title = { Управление рисками, системный анализ и моделирование в 3 ч. часть 3: Учебник и практикум для бакалавриата и магистратуры  },
	edition = {- Люберцы: Юрайт, },
	address = {},
	publisher = {Наука},
	year = {2016},
	numpages = {С.272},
	language = {russian}
}
@BOOK{Ref11,
	author = {Бродецкий, Г.Л.},
	title = { Системный анализ в логистике. Выбор при многих критериях: Учебник / Г.Л. Бродецкий.  },
	edition = {М.: Academia, 2015. },
	address = {},
	publisher = {Наука},
	year = {2015},
	numpages = {С.272},
	language = {russian}
}
@BOOK{Ref12,
	author = { Булыгина, О.В. },
	title = { Системный анализ в упр.: Учебное пособие / О.В. Булыгина, А.А. Емельянов, Н.З. Емельянова. },
	edition = {М.: Academia, 2015. },
	address = {},
	publisher = {Наука},
	year = {2015},
	numpages = {С.272},
	language = {russian}
}
@BOOK{Ref13,
	author = { Валлерстайн, И. },
	title = { Миросистемный анализ: Введение. Пер. с англ. / И. Валлерстайн. - М.: Ленанд,},
	edition = {М.: Academia, 2015. },
	address = {},
	publisher = {Наука},
	year = {2015},
	numpages = {С.272},
	language = {russian}
}
@BOOK{Ref14,
	author = { Вдовин, В.М.},
	title = { Теория систем и системный анализ: Учебник для бакалавров / В.М. Вдовин, Л.Е. Суркова и др. },
	edition = {М.: Academia, 2015. },
	address = {},
	publisher = {Наука},
	year = {2015},
	numpages = {С.272},
	language = {russian}
}
@BOOK{Ref15,
	author = { Вдовин, В.М.},
	title = { Теория систем и системный анализ: Учебник для бакалавров / В.М. Вдовин, Л.Е. Суркова },
	edition = {М.: Academia, 2015. },
	address = {},
	publisher = {Наука},
	year = {2015},
	numpages = {С.272},
	language = {russian}
}
@BOOK{Ref16,
	author = { Волкова, В.Н. },
	title = { Системный анализ информационных комплексов: Учебное пособие / В.Н. Волкова.},
	edition = {М.: Наука, 2015. },
	address = {},
	publisher = {Наука},
	year = {2015},
	numpages = {С.272},
	language = {russian}
}
@BOOK{Ref17,
	author = { Волкова, В.Н. },
	title = { Теория систем и системный анализ: Учебник для академического бакалавриата / В.Н. Волкова, А.А. Денисов.},
	edition = {М.: Наука, 2015. },
	address = {},
	publisher = {Наука},
	year = {2015},
	numpages = {С.272},
	language = {russian}
}

@BOOK{Ref18,
	author = {  Громова, Е., Н. },
	title = { Системный анализ информационных комплексов: Учебное пособие / Е. Н. Громова.},
	edition = {М.: Наука, 2015. },
	address = {},
	publisher = {Наука},
	year = {2015},
	numpages = {С.272},
	language = {russian}
}


@BOOK{Ref19,
	author = {  Данелян, Т.Я.},
	title = { Теория систем и системный анализ: Учебно-методический комплекс / Т.Я. Данелян.},
	edition = {М.: Наука, 2015. },
	address = {},
	publisher = {Наука},
	year = {2015},
	numpages = {С.272},
	language = {russian}
}

@BOOK{Ref20,
	author = {  Дмитриева, Н.В.},
	title = {  Системная электрофизиология: Системный анализ электрофизиологических процессов},
	edition = {М.: Наука, 2015. },
	address = {},
	publisher = {Наука},
	year = {2015},
	numpages = {С.272},
	language = {russian}
}
@BOOK{Ref21,
	author = {   Дрогобыцкий, И.Н.},
	title = {  Системный анализ в экономике: Учебник / И.Н. Дрогобыцкий. - М.: Юнити, 2018. - 784 c},
	edition = {М.: Наука, 2015. },
	address = {},
	publisher = {Наука},
	year = {2015},
	numpages = {С.272},
	language = {russian}
}
@BOOK{Ref22,
	author = {   Дрогобыцкий, И.Н.},
	title = {  Системный анализ в экономике: Учебник / И.Н. Дрогобыцкий. - М.: Юнити, 2018. - 784 c},
	edition = {М.: Наука, 2015. },
	address = {},
	publisher = {Наука},
	year = {2015},
	numpages = {С.272},
	language = {russian}
}
@BOOK{Ref23,
	author = {   Заграновская, А.В.},
	title = { Системный анализ деятельности организации. Практикум: Учебное пособие 2019 г. / А.В. Заграновская. - СПб.: Лань, 2019. - 200 c.},
	edition = {М.: Наука, 2015. },
	address = {},
	publisher = {Наука},
	year = {2015},
	numpages = {С.272},
	language = {russian}
}
@BOOK{Ref24,
	author = {  Киселев, В.М.},
	title = { Нефте-газо-химический комплекс российской федерации. интеллектуальная поддержка управленческих решений. системный анализ и инфодизайн / В.М. Киселев, С.В. Савинков. - М.: Русайнс, 2019.},
	edition = {М.: Наука, 2015. },
	address = {},
	publisher = {Наука},
	year = {2015},
	numpages = {С.272},
	language = {russian}
}
@BOOK{Ref25,
	author = {  Козлов, В.Н.},
	title = {Системный анализ, оптимизация и принятие решений / В.Н. Козлов. - М.: Проспект, 2016. - 176 c.},
	edition = {М.: Наука, 2015. },
	address = {},
	publisher = {Наука},
	year = {2015},
	numpages = {С.272},
	language = {russian}
}

@BOOK{Ref26,
	author = {   Кориков, А.М.},
	title = {Теория систем и системный анализ: Учебное пособие / А.М. Кориков, С.Н. Павлов. - М.: Инфра-М, 2016. - 416 c.},
	edition = {М.: Наука, 2015. },
	address = {},
	publisher = {Наука},
	year = {2015},
	numpages = {С.272},
	language = {russian}
}


@BOOK{Ref27,
	author = {   Попов, В.Н.},
	title = {Системный анализ в менеджменте: Учебное пособие / В.Н. Попов. - М.: КноРус, 2018. - 240 c.},
	edition = {М.: Наука, 2015. },
	address = {},
	publisher = {Наука},
	year = {2015},
	numpages = {С.272},
	language = {russian}
}
@BOOK{Ref28,
	author = {   Тимченко, Т.Н.},
	title = {Системный анализ в управлении: Учебное пособие / Т.Н. Тимченко. - М.: Риор, 2017. - 704 c.},
	edition = {М.: Наука, 2015. },
	address = {},
	publisher = {Наука},
	year = {2015},
	numpages = {С.272},
	language = {russian}
}
@BOOK{Ref29,
	author = {  Хомяков, П.М.},
	title = {Системный анализ: Экспресс-курс лекций / П.М. Хомяков. - М.: Ленанд, 2017. - 214 c.},
	edition = {М.: Наука, 2015. },
	address = {},
	publisher = {Наука},
	year = {2015},
	numpages = {С.272},
	language = {russian}
}
@BOOK{Ref30,
	author = {  Яковлев, С.В.},
	title = { Теория систем и системный анализ (лабораторный практикум): Учебное пособие для вузов / С.В. Яковлев. - М.: Горячая линия -Телеком , 2015. - 320 c.},
	edition = {М.: Наука, 2015. },
	address = {},
	publisher = {Наука},
	year = {2015},
	numpages = {С.272},
	language = {russian}
}
@BOOK{Ref31,
	author = {  Яковлев, С.В.},
	title = {  С.В. Теория систем и системный анализ. Лабораторный практикум: Учебное пособие для ВУЗов / С.В. Яковлев. - М.: ГЛТ, 2015. - 320 c.},
	edition = {М.: Наука, 2015. },
	address = {},
	publisher = {Наука},
	year = {2015},
	numpages = {С.272},
	language = {russian}
}
@BOOK{Ref32,
	author = { Агравал, Г.П.},
	title = {  Системы автоматического управления: теория, применение, моделирование в MATLAB: Учебное пособие / Г.П. Агравал. - СПб.: Лань, 2013. - 208 c.},
	edition = {М.: Наука, 2015. },
	address = {},
	publisher = {Наука},
	year = {2015},
	numpages = {С.272},
	language = {russian}
}
@BOOK{Ref33,
	author = { Аксёнова, П.В.},
	title = { Электронные системы управления автотракторных двигателей: Учебное пособие / П.В. Аксёнова, А.М. Ермаков. - СПб.: Лань, 2016. - 200 c.},
	edition = {М.: Наука, 2015. },
	address = {},
	publisher = {Наука},
	year = {2015},
	numpages = {С.272},
	language = {russian}
}
@BOOK{Ref34,
	author = { Александров, В.А.},
	title = { Электронные и микропроцессорные системы управления автомобилей: Уч. Пособие / В.А. Александров, С.Ф. Козьмин, Н.Р. Шоль и др. - СПб.: Лань, 2012. - 624 c.},
	edition = {М.: Наука, 2015. },
	address = {},
	publisher = {Наука},
	year = {2015},
	numpages = {С.272},
	language = {russian}
}
@BOOK{Ref35,
	author = { Амблер, Т.},
	title = { Основы информационных и телекоммуникационных технологий. Часть 5. Системы управления базами данных. Учебное пособие / Т. Амблер. - М.: Финансы и статистика, 2005. - 112 c.},
	edition = {М.: Наука, 2015. },
	address = {},
	publisher = {Наука},
	year = {2015},
	numpages = {С.272},
	language = {russian}
}
@BOOK{Ref36,
	author = { Анохин, В.В.},
	title = { Системы управления. Инжиниринг качества / В.В. Анохин, А.А. Варжапетян, А.Г. Варжапетян и др.},
	edition = {М.: Финансы и статистика},
	address = {},
	publisher = {Наука},
	year = {2005},
	numpages = {С.112},
	language = {russian}
}

@BOOK{Ref37,
	author = { Антамошин, А.Н.},
	title = { Интеллектуальные системы управления организационно-техническими системами},
	edition = { М.: РиС},
	address = {},
	publisher = {Наука},
	year = {2005},
	numpages = {С.112},
	language = {russian}
}
@BOOK{Ref38,
	author = { Антамошин, А.Н.},
	title = { Интеллектуальные системы управления организационно-техническими системами},
	edition = { М.: ГЛТ},
	address = {},
	publisher = {Наука},
	year = {2005},
	numpages = {С.112},
	language = {russian}
}
@BOOK{Ref39,
	author = { Анучин, А.С. },
	title = { Системы управления электроприводов},
	edition = { Вологда: Инфра-Инженерия},
	address = {},
	publisher = {Наука},
	year = {2015},
	numpages = {С.112},
	language = {russian}
}
@BOOK{Ref40,
	author = {Баханов, Л.Е. },
	title = { Системы управления вооружением истребителей. Основы интеллекта многофункционального самолета},
	edition = { М.: Машиностроение},
	address = {},
	publisher = {Наука},
	year = {2005},
	numpages = {С.400},
	language = {russian}
}
@BOOK{Ref41,
	author = {Боковня, А.Е. },
	title = { Мотивация - основа управления человеческими ресурсами (теория и практика формирования мотивирующей организационной среды и создания единой системы мотивации компании): Монография },
	edition = { М.: НИЦ ИНФРА-М},
	address = {},
	publisher = {Наука},
	year = {2013},
	numpages = {С.144},
	language = {russian}
}
@BOOK{Ref42,
	author = {Бородин, И.Ф.},
	title = { Автоматизация технологических процессов и системы автоматического управления (ССУЗ)},
	edition = {М.: КолосС},
	address = {},
	publisher = {Наука},
	year = {2013},
	numpages = {С.144},
	language = {russian}
}
@BOOK{Ref43,
	author = {Бортаковский, А.С.},
	title = { Нелинейные системы управления: описание, анализ и синтез},
	edition = {М.: Вузовская книга},
	address = {},
	publisher = {Наука},
	year = {2008},
	numpages = {С.312},
	language = {russian}
}
@BOOK{Ref44,
	author = { Ботуз, С.},
	title = { Интеллектуальные интерактивные системы и технологии управления удаленным доступом: Учебное пособие},
	edition = {М.: Вузовская книга},
	address = {},
	publisher = {Наука},
	year = {2014},
	numpages = {С.340},
	language = {russian}
}
@BOOK{Ref45,
	author = { Брагинска, Л.С. },
	title = { Государственный долг: анализ системы управления и оценка ее эффективности},
	edition = {М.:  Университетскаякнига},
	address = {},
	publisher = {Наука},
	year = {2007},
	numpages = {С.340},
	language = {russian}
}
@BOOK{Ref46,
	author = { Браун, М.Г. },
	title = { За рамками сбалансированной системы показателей. Как аналитические показатели повышают эффективность управления компанией},
	edition = {М.:  Университетская книга},
	address = {},
	publisher = {Наука},
	year = {2007},
	numpages = {С.128},
	language = {russian}
}
@BOOK{Ref47,
	author = { Браун, М.Г. },
	title = { За рамками сбалансированной системы показателей. Как аналитические показатели повышают эффективность управления компанией},
	edition = {М.:  Университетская книга},
	address = {},
	publisher = {Наука},
	year = {2007},
	numpages = {С.128},
	language = {russian}
}
@BOOK{Ref48,
	author = {Брагинска, Л.С. },
	title = { Государственный долг: анализ системы управления и оценка ее эффективности},
	edition = {М.:  Университетская книга},
	address = {},
	publisher = {Наука},
	year = {2007},
	numpages = {С.128},
	language = {russian}
}
@BOOK{Ref49,
	author = {Буреш, О.В. },
	title = {Интеллектуальные информационные системы управления социально-экономическими объектами},
	edition = {М.:  Университетская книга},
	address = {},
	publisher = {Наука},
	year = {2007},
	numpages = {С.192},
	language = {russian}
}
@BOOK{Ref50,
	author = {Вальков, В.Б. },
	title = {Автоматизированные системы управления технологическими процессами},
	edition = {М.:  Университетская книга},
	address = {},
	publisher = {Наука},
	year = {2007},
	numpages = {С.192},
	language = {russian}
}
@BOOK{Ref51,
	author = {Варжапетян, А.Г. },
	title = {Системы управления: Исследование и компьютерное проектирование: Учебное пособие},
	edition = {М.: Вуз. книга},
	address = {},
	publisher = {Наука},
	year = {2012},
	numpages = {С.192},
	language = {russian}
}
@BOOK{Ref52,
	author = {Варжапетяна, А.Г. },
	title = {Системы управления. Инжиниринг качества },
	edition = {М.: Вуз. книга},
	address = {},
	publisher = {Наука},
	year = {2012},
	numpages = {С.192},
	language = {russian}
}
@BOOK{Ref53,
	author = {Велединский, В.Г. },
	title = {Электронные системы управления},
	edition = {М.: Вуз. книга},
	address = {},
	publisher = {Наука},
	year = {2012},
	numpages = {С.192},
	language = {russian}
}
@BOOK{Ref54,
	author = {Ворона, В.А. },
	title = {Системы контроля и управления доступом },
	edition = {М.: Вуз. книга},
	address = {},
	publisher = {Наука},
	year = {2012},
	numpages = {С.192},
	language = {russian}
}
@BOOK{Ref55,
	author = {Голов, Р.С. },
	title = {Системы управления инновационно-инвестиционной деятельностью промышленных организаций и подготовка машиностроительного производства: монография  },
	edition = {М.: Вуз. книга},
	address = {},
	publisher = {Наука},
	year = {2012},
	numpages = {С.192},
	language = {russian}
}
@BOOK{Ref56,
	author = { Гончаров, В.И. },
	title = {Институционализация системы местного самоуправления в Российской Федерации.Конституционно-правовое исследование: Монография / В.И. Гончаров. - М.: Проспект, 2015. - 272 c. },
	edition = {М.: Вуз. книга},
	address = {},
	publisher = {Наука},
	year = {2012},
	numpages = {С.192},
	language = {russian}
}
@BOOK{Ref57,
	author = { Горнаков, С.Г. },
	title = {Осваиваем популярные системы управления сайтом (CMS) },
	edition = {М.: Вуз. книга},
	address = {},
	publisher = {Наука},
	year = {2012},
	numpages = {С.192},
	language = {russian}
}
@BOOK{Ref58,
	author = {Гульков, Г.И.},
	title = {Системы автоматизированного управления электроприводами  },
	edition = {Минск: Новое знание},
	address = {},
	publisher = {Наука},
	year = {2012},
	numpages = {С.192},
	language = {russian}
}
@BOOK{Ref59,
	author = {Евменов, В.П.},
	title = {Интеллектуальные системы управления: превосходство искусственного интеллекта над естественным интеллектом?  },
	edition = {Минск: Новое знание},
	address = {},
	publisher = {Наука},
	year = {2012},
	numpages = {С.192},
	language = {russian}
}
@BOOK{Ref60,
	author = { Емельянов, С.В.},
	title = { Информационные технологии и вычислительные системы: Интернет-технологии. Математическое моделирование. Системы управления. Компьютерная графика  },
	edition = {Минск: Новое знание},
	address = {},
	publisher = {Наука},
	year = {2012},
	numpages = {С.192},
	language = {russian}
}
@BOOK{Ref61,
	author = { Емельянов, С.В.},
	title = {  Адаптивные нечетко-логические системы управления: Монография },
	edition = {Минск: Новое знание},
	address = {},
	publisher = {Наука},
	year = {2012},
	numpages = {С.192},
	language = {russian}
}
@BOOK{Ref62,
	author = { Емельянов, С.В.},
	title = { Труды ИСА РАН: Системы управления и моделирование. Динамические системы. Управление рисками и безопасностью. Методы и модели в экономике. Прикладные а  },
	edition = {Минск: Новое знание},
	address = {},
	publisher = {Наука},
	year = {2012},
	numpages = {С.192},
	language = {russian}
}

@BOOK{Ref63,
	author = { Ким, Д.П. },
	title = { Теория автоматического управления. Т. 1. Линейные системы   },
	edition = {М.: Физматлит},
	address = {},
	publisher = {Наука},
	year = {2007},
	numpages = {С.192},
	language = {russian}
}
@BOOK{Ref64,
	author = { Ким, Д.П. },
	title = {  Теория автоматического управления. Т. 2. Многомерные, нелинейные, оптимальные и адаптивные системы   },
	edition = {М.: Физматлит},
	address = {},
	publisher = {Наука},
	year = {2007},
	numpages = {С.192},
	language = {russian}
}
@article{aaij2019updated,
	title={Updated measurement of time-dependent    CP    CP-violating observables in  backslash rightarrow },
	author={Aaij, Roel and Beteta, C Abell n and Ackernley, Thomas and Adeva, Bernardo and Adinolfi, Marco and Afsharnia, Hossein and Aidala, Christine Angela and Aiola, Salvatore and Ajaltouni, Ziad and Akar, Simon and others},
	journal={The European Physical Journal C},
	volume={79},
	number={8},
	pages={1--26},
	year={2019},
	publisher={Springer Berlin Heidelberg}
}

@article{aaij2019measurement,
	title={Measurement of C P-Violating and Mixing-Induced Observables in  gamma  Decays},
	author={Aaij, Roel and Beteta, C Abellan and Adeva, Bernardo and Adinolfi, Marco and Aidala, Christine Angela and Ajaltouni, Ziad and Akar, Simon and Albicocco, Pietro and Albrecht, Johannes and Alessio, Federico and others},
	journal={Physical Review Letters},
	volume={123},
	number={8},
	pages={081802},
	year={2019},
	publisher={American Physical Society}
}

@article{aaij2019observation,
	title={Observation of the    backslash Lambda  backslash rightarrow  backslash chidecay},
	author={Aaij, Roel and Beteta, C Abellan and Ackernley, Thomas and Adeva, Bernardo and Adinolfi, Marco and Aidala, Christine Angela and Aiola, Salvatore and Ajaltouni, Ziad and Akar, Simon and Albicocco, Pietro and others},
	journal={arXiv preprint arXiv:1907.00954},
	year={2019}
}

@article{aaij2019observation,
	title={Observation of a Narrow Pentaquark State, P c  and of the Two-Peak Structure of the P c},
	author={Aaij, Roel and Beteta, C Abellan and Adeva, Bernardo and Adinolfi, Marco and Aidala, Christine Angela and Ajaltouni, Ziad and Akar, Simon and Albicocco, Pietro and Albrecht, Johannes and Alessio, Federico and others},
	journal={Physical review letters},
	volume={122},
	number={22},
	pages={222001},
	year={2019},
	publisher={American Physical Society}
}

@article{aaij2019search,
	title={Search for lepton-flavor violating decays},
	author={Aaij, Roel and Beteta, C Abellan and Ackernley, Thomas and Adeva, Bernardo and Adinolfi, Marco and Aidala, Christine Angela and Ajaltouni, Ziad and Akar, Simon and Albicocco, Pietro and Albrecht, Johannes and others},
	journal={Physical review letters},
	volume={123},
	number={24},
	pages={241802},
	year={2019},
	publisher={American Physical Society}
}

@article{aaij2019observation,
	title={Observation of New Resonances in the   Lambda System},
	author={Aaij, Roel and Beteta, C Abellan and Ackernley, Thomas and Adeva, Bernardo and Adinolfi, Marco and Afsharnia, Hossein and Aidala, Christine Angela and Aiola, Salvatore and Ajaltouni, Ziad and Akar, Simon and others},
	journal={Physical Review Letters},
	volume={123},
	number={15},
	pages={152001},
	year={2019},
	publisher={American Physical Society}
}

@article{heinicke1998lhcb,
	title={LHCb},
	author={Heinicke, K and Gandini, P and Cadeddu, S and Shupperd, JD and Hatch, M and Mcnab, IA and Farry, S and Mitreska, B and Khanji, B and Prouve, C and others},
	year={1998}
}

@article{aaij2020measurement,
	title={Measurement of  backslash begin },
	author={Aaij, Roel and Beteta, C Abellan and Ackernley, T and Adeva, B and Adinolfi, M and Afsharnia, H and Aidala, CA and Aiola, S and Ajaltouni, Z and Akar, S and others},
	journal={Chinese Physics C},
	volume={44},
	number={2},
	pages={022001--022001},
	year={2020},
	publisher={Chinese Physics C}
}

@article{aaij2019measurement,
	title={Measurement of the B c- meson production fraction and asymmetry in 7 and 13 TeV p p collisions},
	author={Aaij, Roel and Beteta, C Abellan and Ackernley, Thomas and Adeva, Bernardo and Adinolfi, Marco and Afsharnia, Hossein and Aidala, Christine Angela and Aiola, Salvatore and Ajaltouni, Ziad and Akar, Simon and others},
	journal={Physical Review D},
	volume={100},
	number={11},
	pages={112006},
	year={2019},
	publisher={American Physical Society}
}

@article{aaij2020observation,
	title={Observation of the semileptonic decay },
	author={Aaij, Roel and Abell n Beteta, C and Ackernley, Thomas and Adeva, Bernardo and Adinolfi, Marco and Afsharnia, Hossein and Aidala, Christine Angela and Aiola, Salvatore and Ajaltouni, Ziad and Akar, Simon and others},
	journal={Journal of High Energy Physics},
	volume={2020},
	number={3},
	pages={1--22},
	year={2020},
	publisher={Springer Berlin Heidelberg}
}

@article{aaij2013search,
	title={Search for the doubly charmed baryon},
	author={Aaij, R and Adeva, B and Adinolfi, M and Adrover, C and Affolder, A and Ajaltouni, Z and Albrecht, J and Alessio, F and Alexander, M and Ali, S and others},
	journal={Journal of High Energy Physics},
	volume={2013},
	number={12},
	pages={1--21},
	year={2013},
	publisher={Springer Berlin Heidelberg}
}

@article{aaij2019measurement,
	title={Measurement of the electron reconstruction efficiency at LHCb},
	author={Aaij, Roel and Beteta, C Abellan and Ackernley, Thomas and Adeva, Bernardo and Adinolfi, Marco and Afsharnia, Hossein and Aidala, Christine Angela and Aiola, Salvatore and Ajaltouni, Ziad and Akar, Simon and others},
	journal={Journal of Instrumentation},
	volume={14},
	number={11},
	pages={P11023},
	year={2019},
	publisher={IOP Publishing}
}

@article{aaij2019search,
	title={Search for the Lepton-Flavor-Violating Decays },
	author={Aaij, Roel and Beteta, C Abell Adeva, Bernardo and Adinolfi, Marco and Aidala, Christine Angela and Ajaltouni, Ziad and Akar, Simon and Albicocco, Pietro and Albrecht, Johannes and Alessio, Federico and others},
	journal={Physical Review Letters},
	volume={123},
	number={21},
	pages={211801},
	year={2019},
	publisher={American Physical Society}
}

@article{aaij2020updated,
	title={Updated measurement of decay-time-dependent  decays},
	author={Aaij, Roel and Beteta, C Abellan and Ackernley, Thomas and Adeva, Bernardo and Adinolfi, Marco and Afsharnia, Hossein and Aidala, Christine Angela and Aiola, Salvatore and Ajaltouni, Ziad and Akar, Simon and others},
	journal={Physical Review D},
	volume={101},
	number={1},
	pages={012005},
	year={2020},
	publisher={American Physical Society}
}

@article{lhcb2019measurement,
	title={Measurement of CP violation in the  decay},
	author={LHCb Collaboration and others},
	journal={Journal of High Energy Physics},
	volume={2019},
	number={12},
	pages={155},
	year={2019},
	publisher={Springer US}
}

@article{aaij2019measurement,
	title={Measurement of CP observables in the process },
	author={Aaij, Roel and Abell n Beteta, C and Adeva, Bernardo and Adinolfi, Marco and Aidala, Christine Angela and Ajaltouni, Ziad and Akar, Simon and Albicocco, Pietro and Albrecht, Johannes and Alessio, Federico and others},
	journal={Journal of High Energy Physics},
	volume={2019},
	number={8},
	pages={1--30},
	year={2019},
	publisher={Springer Berlin Heidelberg}
}

@article{bediaga2019search,
	title={Search for CP Violation in },
	author={Bediaga, I and Cruz, Torres M and De Miranda, JM and Gomes, A and Massafferri, A and Dos Reis, AC and Soares, Lavra L and Tourinho, Jadallah Aoude R and Amato, S and Carvalho, Akiba K and others},
	journal={Physical Review Letters},
	volume={122},
	number={19},
	pages={191803--191803},
	year={2019},
	publisher={American Physical Society}
}

@article{aaij2020observation,
	title={Observation of Several Sources of C P Violation },
	author={Aaij, Roel and Beteta, C Abell n and Adeva, Bernardo and Adinolfi, Marco and Aidala, Christine Angela and Ajaltouni, Ziad and Akar, Simon and Albicocco, Pietro and Albrecht, Johannes and Alessio, Federico and others},
	journal={Physical review letters},
	volume={124},
	number={3},
	pages={031801},
	year={2020},
	publisher={American Physical Society}
}

@article{aaij2020search,
	title={Search for Decays},
	author={Aaij, Roel and Beteta, C Abell n and Ackernley, Thomas and Adeva, Bernardo and Adinolfi, Marco and Afsharnia, Hossein and Aidala, Christine Angela and Aiola, Salvatore and Ajaltouni, Ziad and Akar, Simon and others},
	journal={Physical Review Letters},
	volume={124},
	number={4},
	pages={041801},
	year={2020},
	publisher={American Physical Society}
}

@article{aaij2020measurement,
	title={Measurement of production in pp collisions at TeV Supported by CERN},
	author={Aaij, R and Abell n Beteta, C and Ackernley, T and Adeva, B and Adinolfi, M and Afsharnia, H and Aidala, CA and Aiola, S and Ajaltouni, Z and Akar, S and others},
	journal={Chinese Physics C},
	volume={44},
	number={1910.11316},
	year={2020},
	publisher={Institute of Physics Publishing/Chinese Academy of Sciences}
}

@article{aaij2020determination,
	title={Determination of quantum numbers for several excited charmed mesons observed in B decays},
	author={Aaij, Roel and Beteta, C Abellan and Ackernley, Thomas and Adeva, Bernardo and Adinolfi, Marco and Afsharnia, Hossein and Aidala, Christine Angela and Aiola, Salvatore and Ajaltouni, Ziad and Akar, Simon and others},
	journal={Physical Review D},
	volume={101},
	number={3},
	pages={032005},
	year={2020},
	publisher={American Physical Society}
}

@article{aaij2020first,
	title={First observation of excited  b- states},
	author={Aaij, Roel and Beteta, C Abellan and Ackernley, Thomas and Adeva, Bernardo and Adinolfi, Marco and Afsharnia, Hossein and Aidala, Christine Angela and Aiola, Salvatore and Ajaltouni, Ziad and Akar, Simon and others},
	journal={Physical Review Letters},
	volume={124},
	number={8},
	pages={082002},
	year={2020},
	publisher={American Physical Society}
}

@article{aaij2020isospin,
	title={Isospin Amplitudes Decays},
	author={Aaij, Roel and Beteta, C Abellan and Ackernley, Thomas and Adeva, Bernardo and Adinolfi, Marco and Afsharnia, Hossein and Aidala, Christine Angela and Aiola, Salvatore and Ajaltouni, Ziad and Akar, Simon and others},
	journal={Physical Review Letters},
	volume={124},
	number={11},
	pages={111802},
	year={2020},
	publisher={American Physical Society}
}

@article{aaij2020measurement,
	title={Measurement of the shape of the B decay rate},
	author={Aaij, Roel and Abell n Beteta, C and Ackernley, Thomas and Adeva, Bernardo and Adinolfi, Marco and Afsharnia, Hossein and Aidala, Christine Angela and Aiola, Salvatore and Ajaltouni, Ziad and Akar, Simon and others},
	journal={Journal of High Energy Physics},
	volume={2020},
	number={12},
	pages={1--32},
	year={2020},
	publisher={Springer Berlin Heidelberg}
}

@article{aaij2020measurement,
	title={Measurement of f s/f u variation with proton-proton collision energy and B-meson kinematics},
	author={Aaij, Roel and Beteta, C Abellan and Adeva, B and Adinolfi, M and Aidala, CA and Ajaltouni, Z and Akar, S and Albicocco, P and Albrecht, J and Alessio, F and others},
	journal={Physical review letters},
	volume={124},
	number={12},
	pages={122002},
	year={2020},
	publisher={American Physical Society}
}

@article{aaij2020precision,
	title={Precision measurement of the B meson mass},
	author={Aaij, Roel and Abell n Beteta, C and Ackernley, Thomas and Adeva, Bernardo and Adinolfi, Marco and Afsharnia, Hossein and Aidala, Christine Angela and Aiola, Salvatore and Ajaltouni, Ziad and Akar, Simon and others},
	journal={Journal of High Energy Physics},
	volume={2020},
	number={7},
	pages={1--21},
	year={2020},
	publisher={Springer Berlin Heidelberg}
}

@article{aaij2020measurement,
	title={Measurement of| V c b| with B decays},
	author={Aaij, Roel and Beteta, C Abellan and Ackernley, Thomas and Adeva, Bernardo and Adinolfi, Marco and Afsharnia, Hossein and Aidala, Christine Angela and Aiola, Salvatore and Ajaltouni, Ziad and Akar, Simon and others},
	journal={Physical Review D},
	volume={101},
	number={7},
	pages={072004},
	year={2020},
	publisher={American Physical Society}
}

@article{aaij2020measurement,
	title={Measurement of branching fraction ratios for B decays},
	author={Aaij, Roel and Abell n Beteta, C and Ackernley, Thomas and Adeva, Bernardo and Adinolfi, Marco and Afsharnia, Hossein and Aidala, Christine Angela and Aiola, Salvatore and Ajaltouni, Ziad and Akar, Simon and others},
	journal={Journal of High Energy Physics},
	volume={2020},
	number={12},
	pages={1--22},
	year={2020},
	publisher={Springer Berlin Heidelberg}
}

@article{aaij2020search,
	title={Search for the Rare Decays },
	author={Aaij, Roel and Beteta, C Abellan and Ackernley, Thomas and Adeva, Bernardo and Adinolfi, Marco and Afsharnia, Hossein and Aidala, Christine Angela and Aiola, Salvatore and Ajaltouni, Ziad and Akar, Simon and others},
	journal={Physical review letters},
	volume={124},
	number={21},
	pages={211802},
	year={2020},
	publisher={American Physical Society}
}

@article{aaij2020observation,
	title={Observation of New Baryons Decaying  },
	author={Aaij, Roel and Beteta, C Abellan and Ackernley, Thomas and Adeva, Bernardo and Adinolfi, Marco and Afsharnia, Hossein and Aidala, Christine Angela and Aiola, Salvatore and Ajaltouni, Ziad and Akar, Simon and others},
	journal={Physical review letters},
	volume={124},
	number={22},
	pages={222001},
	year={2020},
	publisher={American Physical Society}
}

@article{aaij2020amplitude,
	title={Amplitude analysis of the B decay},
	author={Aaij, Roel and Beteta, C Abellan and Adeva, Bernardo and Adinolfi, Marco and Aidala, Christine Angela and Ajaltouni, Ziad and Akar, Simon and Albicocco, Pietro and Albrecht, Johannes and Alessio, Federico and others},
	journal={Physical Review D},
	volume={101},
	number={1},
	pages={012006},
	year={2020},
	publisher={American Physical Society}
}

@article{aaij2020observation,
	title={Observation of a new baryon state in the mass spectrum},
	author={Aaij, Roel and Abell n Beteta, C and Ackernley, Thomas and Adeva, Bernardo and Adinolfi, Marco and Afsharnia, Hossein and Aidala, Christine Angela and Aiola, Salvatore and Ajaltouni, Ziad and Akar, Simon and others},
	journal={Journal of High Energy Physics},
	volume={2020},
	number={6},
	pages={1--26},
	year={2020},
	publisher={Springer Berlin Heidelberg}
}

@article{aaij2020measurement,
	title={Measurement of C P-Averaged Observables in the B Decay},
	author={Aaij, Roel and Beteta, C Abellan and Ackernley, Thomas and Adeva, Bernardo and Adinolfi, Marco and Afsharnia, Hossein and Aidala, Christine Angela and Aiola, Salvatore and Ajaltouni, Ziad and Akar, Simon and others},
	journal={Physical Review Letters},
	volume={125},
	number={1},
	pages={011802},
	year={2020},
	publisher={American Physical Society}
}

@article{aaij2019search,
	title={Search for the lepton-flavour-violating decays},
	author={Aaij, R and Beteta, CA and Adeva, B and Adinolfi, M and Aidala, CA and Ajaltouni, Z and Akar, S and Albicocco, P and Albrecht, J and Alessio, F and others},
	year={2019}
}

@article{aaij2020measurement,
	title={Measurement of the branching fraction of the decay },
	author={Aaij, Roel and Beteta, C Abellan and Ackernley, Thomas and Adeva, Bernardo and Adinolfi, Marco and Afsharnia, Hossein and Aidala, Christine Angela and Aiola, Salvatore and Ajaltouni, Ziad and Akar, Simon and others},
	journal={Physical Review D},
	volume={102},
	number={1},
	pages={012011},
	year={2020},
	publisher={American Physical Society}
}

@article{aaij2020measurement,
	title={Measurement of CP observables },
	author={Aaij, R and Beteta, C Abellan and Ackernley, T and Adeva, B and Adinolfi, M and Afsharnia, H and Aidala, CA and Aiola, S and Ajaltouni, Z and Akar, S and others},
	journal={The Journal of High Energy Physics},
	volume={58},
	year={2020},
	publisher={Springer Nature}
}

@article{aaij2020model,
	title={Model-Independent Study of Structure},
	author={Aaij, Roel and Beteta, C Abell n and Ackernley, Thomas and Adeva, Bernardo and Adinolfi, Marco and Afsharnia, Hossein and Aidala, Christine Angela and Aiola, Salvatore and Ajaltouni, Ziad and Akar, Simon and others},
	journal={Physical review letters},
	volume={125},
	number={24},
	pages={242001},
	year={2020},
	publisher={American Physical Society}
}

@article{aaij2020search,
	title={Search for C P violation and observation of P violation in decays},
	author={Aaij, Roel and Beteta, C Abellan and Ackernley, Thomas and Adeva, Bernardo and Adinolfi, Marco and Afsharnia, Hossein and Aidala, Christine Angela and Aiola, Salvatore and Ajaltouni, Ziad and Akar, Simon and others},
	journal={Physical Review D},
	volume={102},
	number={5},
	pages={051101},
	year={2020},
	publisher={American Physical Society}
}

@article{aaij2020search,
	title={Search for the doubly heavy baryon via decays},
	author={Aaij, Roel and Abell n Beteta, C and Ackernley, Thomas and Adeva, Bernardo and Adinolfi, Marco and Afsharnia, Hossein and Aidala, Christine Angela and Aiola, Salvatore and Ajaltouni, Ziad and Akar, Simon and others},
	journal={Journal of High Energy Physics},
	volume={2020},
	number={11},
	pages={1--21},
	year={2020},
	publisher={Springer Berlin Heidelberg}
}

@article{zucchelli2020search,
	title={Search for the Rare Decays },
	author={Zucchelli, S and Aaij, R and Abellan Beteta, C and Ackernley, T and Adeva, B and Adinolfi, M and Afsharnia, H and Aidala, CA and Aiola, S and Ajaltouni, Z and others},
	year={2020},
	publisher={American Physical Society}
}

@article{aaij2020isospin,
	title={Isospin amplitudes in decays},
	author={Aaij, R and Abellan Beteta, C and Ackernley, T and Adeva, B and Adinolfi, M and Afsharnia, H and Aidala, CA and Aiola, S and Ajaltouni, Z and Akar, S and others},
	year={2020}
}

@article{aaij2020determination,
	title={Determination of quantum numbers for several excited charmed mesons observed in decays},
	author={Aaij, R and Abell n Beteta, C and Ackernley, T and Adeva, B and Adinolfi, M and Afsharnia, H and Aidala, CA and Aiola, S and Ajaltouni, Z and Akar, S and others},
	year={2020}
}

@article{aaij2020first,
	title={First observation of the decay},
	author={Aaij, Roel and Beteta, C Abellan and Ackernley, Thomas and Adeva, Bernardo and Adinolfi, Marco and Afsharnia, Hossein and Aidala, Christine Angela and Aiola, Salvatore and Ajaltouni, Ziad and Akar, Simon and others},
	journal={Physical Review D},
	volume={102},
	number={5},
	pages={051102},
	year={2020},
	publisher={American Physical Society}
}

@article{aaij2020first,
	title={First branching fraction measurement of the suppressed decay},
	author={Aaij, Roel and Beteta, C Abellan and Ackernley, Thomas and Adeva, Bernardo and Adinolfi, Marco and Afsharnia, Hossein and Aidala, Christine Angela and Aiola, Salvatore and Ajaltouni, Ziad and Akar, Simon and others},
	journal={Physical Review D},
	volume={102},
	number={7},
	pages={071101},
	year={2020},
	publisher={American Physical Society}
}

@article{aaij2020searches,
	title={Searches for low-mass dimuon resonances},
	author={Aaij, Roel and Abell n Beteta, C and Ackernley, Thomas and Adeva, Bernardo and Adinolfi, Marco and Afsharnia, Hossein and Aidala, Christine Angela and Aiola, Salvatore and Ajaltouni, Ziad and Akar, Simon and others},
	journal={Journal of High Energy Physics},
	volume={2020},
	number={10},
	pages={1--26},
	year={2020},
	publisher={Springer Berlin Heidelberg}
}

@article{aaij2020search,
	title={Search for CP violation in decays using model-independent techniques},
	author={Aaij, Roel and Beteta, C Abell n and Ackernley, Thomas and Adeva, Bernardo and Adinolfi, Marco and Afsharnia, Hossein and Aidala, Christine Angela and Aiola, Salvatore and Ajaltouni, Ziad and Akar, Simon and others},
	journal={The European Physical Journal C},
	volume={80},
	number={10},
	pages={1--16},
	year={2020},
	publisher={Springer Berlin Heidelberg}
}

@article{aaij2021measurement,
	title={Measurement of the branching fraction of the decay},
	author={Aaij, Roel and Beteta, C Abell n and Ackernley, Thomas and Adeva, Bernardo and Adinolfi, Marco and Afsharnia, Hossein and Aidala, Christine Angela and Aiola, Salvatore and Ajaltouni, Ziad and Akar, Simon and others},
	journal={The European Physical Journal C},
	volume={81},
	number={4},
	pages={1--15},
	year={2021},
	publisher={Springer Berlin Heidelberg}
}

@article{aaij2021observation,
	title={Observation of new excited states},
	author={Aaij, Roel and Beteta, C Abell n and Ackernley, Thomas and Adeva, Bernardo and Adinolfi, Marco and Afsharnia, Hossein and Aidala, Christine Angela and Aiola, Salvatore and Ajaltouni, Ziad and Akar, Simon and others},
	journal={The European Physical Journal C},
	volume={81},
	number={7},
	pages={1--11},
	year={2021},
	publisher={Springer Berlin Heidelberg}
}

@article{aaij2021study,
	title={Study of B decays},
	author={Aaij, Roel and Abell n Beteta, C and Ackernley, Thomas and Adeva, Bernardo and Adinolfi, Marco and Afsharnia, Hossein and Aidala, Christine Angela and Aiola, Salvatore and Ajaltouni, Ziad and Akar, Simon and others},
	journal={Journal of High Energy Physics},
	volume={2021},
	number={2},
	pages={1--34},
	year={2021},
	publisher={Springer Berlin Heidelberg}
}

@article{aaij2021searches,
	title={Searches for 25 rare and forbidden decays of D+ and D s+ mesons},
	author={Aaij, Roel and Abell n Beteta, C and Ackernley, Thomas and Adeva, Bernardo and Adinolfi, Marco and Afsharnia, Hossein and Aidala, Christine Angela and Aiola, Salvatore and Ajaltouni, Ziad and Akar, Simon and others},
	journal={Journal of High Energy Physics},
	volume={2021},
	number={6},
	pages={1--24},
	year={2021},
	publisher={Springer Berlin Heidelberg}
}

@article{aaij2021search,
	title={Search for heavy neutral lepton},
	author={Aaij, Roel and Abell n Beteta, C and Ackernley, Thomas and Adeva, Bernardo and Adinolfi, Marco and Afsharnia, Hossein and Aidala, Christine Angela and Aiola, Salvatore and Ajaltouni, Ziad and Akar, Simon and others},
	journal={The European Physical Journal C},
	volume={81},
	number={3},
	pages={1--15},
	year={2021},
	publisher={Springer Berlin Heidelberg}
}

@article{aaij2020study,
	title={Study of the lineshape of the state},
	author={Aaij, Roel and Beteta, C Abellan and Ackernley, Thomas and Adeva, Bernardo and Adinolfi, Marco and Afsharnia, Hossein and Aidala, Christine Angela and Aiola, Salvatore and Ajaltouni, Ziad and Akar, Simon and others},
	journal={Physical Review D},
	volume={102},
	number={9},
	pages={092005},
	year={2020},
	publisher={American Physical Society}
}

@article{aaij2020observation,
	title={Observation of Enhanced Double Parton Scattering in Proton-Lead Collisions at s N= 8.16 TeV},
	author={Aaij, Roel and Beteta, C Abellan and Ackernley, Thomas and Adeva, Bernardo and Adinolfi, Marco and Afsharnia, Hossein and Aidala, Christine Angela and Aiola, Salvatore and Ajaltouni, Ziad and Akar, Simon and others},
	journal={Physical review letters},
	volume={125},
	number={21},
	pages={212001},
	year={2020},
	publisher={American Physical Society}
}

@article{aaij2019measurement,
	title={Measurement of the Bc-meson production fraction and asymmetry in 7 and 13 TeV pp collisions.[Measurement of the Bc (-) meson production fraction and asymmetry in 7 and 13 TeV pp collisions]},
	author={Aaij, R and Abellan Beteta, C and Ackernley, T and Adeva, B and Adinolfi, M and Afsharnia, H and Aidala, CA and Aiola, S and Ajaltouni, Z and Akar, S and others},
	year={2019},
	publisher={American Physical Society}
}

@article{bernet2020measurement,
	title={Measurement of   CP  -Averaged Observables Decay},
	author={Bernet, R and M{ "u}ller, K and Owen, P and Serra, N and Steinkamp, O and LHCb Collaboration and others},
	journal={Physical Review Letters},
	volume={125},
	number={1},
	pages={011802},
	year={2020},
	publisher={American Physical Society}
}

@article{lhcb2020constraints,
	title={Constraints on the Branching Fraction},
	author={LHCb Collaboration and Aaij, R and others},
	journal={Phys. Rev. Lett},
	volume={125},
	year={2020}
}

@article{aaij2020amplitude,
	title={Amplitude analysis of the decay},
	author={Aaij, Roel and Beteta, C Abellan and Ackernley, Thomas and Adeva, Bernardo and Adinolfi, Marco and Afsharnia, Hossein and Aidala, Christine Angela and Aiola, Salvatore and Ajaltouni, Ziad and Akar, Simon and others},
	journal={Physical Review D},
	volume={102},
	number={11},
	pages={112003},
	year={2020},
	publisher={American Physical Society}
}

@article{aaij2020strong,
	title={Strong constraints on the  photon polarisation from B decays},
	author={Aaij, Roel and Abell n Beteta, C and Ackernley, Thomas and Adeva, Bernardo and Adinolfi, Marco and Afsharnia, Hossein and Aidala, Christine Angela and Aiola, Salvatore and Ajaltouni, Ziad and Akar, Simon and others},
	journal={Journal of High Energy Physics},
	volume={2020},
	number={12},
	pages={1--25},
	year={2020},
	publisher={Springer Berlin Heidelberg}
}

@article{aaij2020measurement,
	title={Measurement of the relative branching fractions of B decays},
	author={Aaij, Roel and Beteta, C Abellan and Ackernley, Thomas and Adeva, Bernardo and Adinolfi, Marco and Afsharnia, Hossein and Aidala, Christine Angela and Aiola, Salvatore and Ajaltouni, Ziad and Akar, Simon and others},
	journal={Physical Review D},
	volume={102},
	number={11},
	pages={112010},
	year={2020},
	publisher={American Physical Society}
}

@article{alfonso2020first,
	title={First observation of the decay )},
	author={Alfonso Albero, Alejandro and Camboni, Alessandro and Coquereau, Samuel and Garc{ ' i}a Moreno, P and Garrido Beltr n, Llu{ ' i}s and Gasc{ 'o}n Fora, David and Gironella Gironell, Pere and Golobardes, Elisabet  others},
	journal={Physical Review D, 2020, vol. 102, num. 5, p. 051102},
	year={2020},
	publisher={American Physical Society}
}

@article{bediaga2019search,
	title={Search for the Lepton-Flavor-Violating Decays },
	author={Bediaga, I and Cruz, Torres M and De Miranda, JM and Dos Reis, AC and Gomes, A and Massafferri, A and Soares, L and Amato, S and Carvalho, Akiba K and De Paula, L and others},
	journal={Physical Review Letters},
	volume={123},
	number={21},
	pages={211801--211801},
	year={2019},
	publisher={American Physical Society}
}

@article{bediaga2019search,
	title={Search for Lepton-Flavor Violating Decay},
	author={Bediaga, I and Cruz, Torres M and De Miranda, JM and Gomes, A and Massafferri, A and Reis, ACD and Soares, Lavra L and Amato, S and De Paula, L and Ferreira, Rodrigues F and others},
	journal={Physical Review Letters},
	volume={123},
	number={24},
	pages={241802--241802},
	year={2019},
	publisher={American Physical Society}
}

@article{bediaga2019measurement,
	title={Measurement of the Bc-meson production fraction and asymmetry in 7 and 13 TeV pp collision},
	author={Bediaga, I and Cruz, Torres M and De Miranda, JM and Dos Reis, AC and Gomes, A and Massafferri, A and Soares, Lavra L and Amato, S and De Paula, L and Ferreira, Rodrigues F and others},
	journal={Physical Review D},
	volume={100},
	number={11},
	pages={112006--112006},
	year={2019},
	publisher={American Physical Society}
}

@article{aaij2020first,
	title={First observation of the decay},
	author={Aaij, Roel and Beteta, C Abellan and Ackernley, Thomas and Adeva, Bernardo and Adinolfi, Marco and Afsharnia, Hossein and Aidala, Christine Angela and Aiola, Salvatore and Ajaltouni, Ziad and Akar, Simon and others},
	journal={Physical Review D},
	volume={102},
	number={11},
	pages={112012},
	year={2020},
	publisher={American Physical Society}
}

@article{aaij2020search,
	title={Search for A},
	author={Aaij, R and Abellan Beteta, C and Ackernley, T and Adeva, B and Adinolfi, M and Afsharnia, H and Aidala, CA and Aiola, S and Ajaltouni, Z and Akar, S and others},
	year={2020},
	publisher={American Physical Society}
}

@article{lhcb2021evidence,
	title={Evidence of a J/  psi   Lambda  structure and observation of excited K-decay},
	author={LHCb Collaboration and others},
	journal={Science Bulletin},
	volume={66},
	number={13},
	pages={1278--1287},
	year={2021},
	publisher={Elsevier}
}

@article{aaij2021measurement,
	title={Measurement of C P Violation in the Decay B},
	author={Aaij, Roel and Beteta, C Abellan and Ackernley, Thomas and Adeva, Bernardo and Adinolfi, Marco and Afsharnia, Hossein and Aidala, Christine Angela and Aiola, Salvatore and Ajaltouni, Ziad and Akar, Simon and others},
	journal={Physical Review Letters},
	volume={126},
	number={9},
	pages={091802},
	year={2021},
	publisher={American Physical Society}
}

@article{bediaga2020search,
	title={Search for A Decays},
	author={Bediaga, I and Cruz, Torres M and De Miranda, JM and Dos Reis, AC and Gomes, A and Massafferri, A and Soares, Lavra L and Amato, S and De Paula, L and Ferreira, Rodrigues F and others},
	journal={Physical Review Letters},
	volume={124},
	number={4},
	pages={041801--041801},
	year={2020},
	publisher={American Physical Society}
}

@article{aaij2021observation,
	title={Observation of a new 0 state},
	author={Aaij, Roel and Beteta, and Ackernley, Thomas and Adeva, Bernardo and Adinolfi, Marco and Afsharnia, Hossein and Aidala, Christine Angela and Aiola, Salvatore and Ajaltouni, Ziad and Akar, Simon and others},
	journal={Physical Review D},
	volume={103},
	number={1},
	pages={012004},
	year={2021},
	publisher={American Physical Society}
}

@article{aaij2014lhcb,
	title={LHCb collaboration},
	author={Aaij, R and Adeva, B and Adinolfi, M and Affolder, A and Ajaltouni, Z and Albrecht, J and Alessio, F and Alexander, M and Ali, S and Alkhazov, G and others},
	journal={Nuclear Physics A},
	volume={932},
	pages={621--626},
	year={2014},
	publisher={Elsevier}
}

@article{bediaga2019measurement,
	title={Measurement of CP violation in the decay},
	author={Bediaga, I and Cruz, Torres M and De Miranda, JM and dos Reis, AC and Gomes, A and Massafferri, A and Soares, Lavra L and Amato, S and Carvalho, Akiba K and De Paula, L and others},
	journal={Journal of High Energy Physics},
	volume={2019},
	number={12},
	pages={155--155},
	year={2019},
	publisher={Institute of Physics and IOP Publishing Limited}
}

@article{aaij2020measurement,
	title={Measurement of CP observables },
	author={Aaij, Roel and Abell n Beteta, C and Ackernley, Thomas and Adeva, Bernardo and Adinolfi, Marco and Afsharnia, Hossein and Aidala, Christine Angela and Aiola, Salvatore and Ajaltouni, Ziad and Akar, Simon and others},
	journal={Journal of High Energy Physics},
	volume={2020},
	number={6},
	pages={1--25},
	year={2020},
	publisher={Springer Berlin Heidelberg}
}

@article{aaij2020study,
	title={Study of the decays},
	author={Aaij, Roel and Abell n Beteta, C and Ackernley, Thomas and Adeva, Bernardo and Adinolfi, Marco and Afsharnia, Hossein and Aidala, Christine Angela and Aiola, Salvatore and Ajaltouni, Ziad and Akar, Simon and others},
	journal={Journal of High Energy Physics},
	volume={2020},
	number={8},
	pages={1--29},
	year={2020},
	publisher={Springer Berlin Heidelberg}
}

@article{aaij2020test,
	title={Test of lepton universality decays},
	author={Aaij, Roel and Abell n Beteta, C and Ackernley, Thomas and Adeva, Bernardo and Adinolfi, Marco and Afsharnia, Hossein and Aidala, Christine Angela and Aiola, Salvatore and Ajaltouni, Ziad and Akar, Simon and others},
	journal={Journal of High Energy Physics},
	volume={2020},
	number={5},
	pages={1--27},
	year={2020},
	publisher={Springer Berlin Heidelberg}
}

@article{aaij2020precision,
	title={Precision measurement of the mass},
	author={Aaij, R and Abell n Beteta, C and Ackernley, T and Adeva, B and Adinolfi, M and Afsharnia, H and Aidala, CA and Aiola, S and Ajaltouni, Z and Akar, S and others},
	year={2020}
}

@article{aaij2020measurement,
	title={Measurement of  TeV},
	author={Aaij, R and Abell n Beteta, C and Ackernley, T and Adeva, B and Adinolfi, M and Afsharnia, H and Aidala, CA and Aiola, S and Ajaltouni, Z and Akar, S and others},
	year={2020}
}

@article{aaij2021measurement,
	title={Measurement of the CKM angle },
	author={Aaij, Roel and Abell Beteta, C and Ackernley, Thomas and Adeva, Bernardo and Adinolfi, Marco and Afsharnia, Hossein and Aidala, Christine Angela and Aiola, Salvatore and Ajaltouni, Ziad and Akar, Simon and others},
	journal={Journal of High Energy Physics},
	volume={2021},
	number={2},
	pages={1--36},
	year={2021},
	publisher={Springer Berlin Heidelberg}
}

@article{aaij2021observation,
	title={Observation of the decay},
	author={Aaij, Roel and Beteta, C Abellan and Ackernley, Thomas and Adeva, Bernardo and Adinolfi, Marco and Afsharnia, Hossein and Aidala, Christine Angela and Aiola, Salvatore and Ajaltouni, Ziad and Akar, Simon and others},
	journal={Physics Letters B},
	volume={815},
	pages={136172},
	year={2021},
	publisher={North-Holland}
}

@article{aaij2021first,
	title={First Observation of the Decay B},
	author={Aaij, Roel and Beteta, C Abellan and Ackernley, Thomas and Adeva, Bernardo and Adinolfi, Marco and Afsharnia, Hossein and Aidala, Christine Angela and Aiola, Salvatore and Ajaltouni, Ziad and Akar, Simon and others},
	journal={Physical review letters},
	volume={126},
	number={8},
	pages={081804},
	year={2021},
	publisher={American Physical Society}
}

@article{aaij2021observation,
	title={Observation of Multiplicity Dependent Prompt Production in p p Collisions},
	author={Aaij, Roel and Beteta, C Abellan and Ackernley, Thomas and Adeva, Bernardo and Adinolfi, Marco and Afsharnia, Hossein and Aidala, Christine Angela and Aiola, Salvatore and Ajaltouni, Ziad and Akar, Simon and others},
	journal={Physical review letters},
	volume={126},
	number={9},
	pages={092001},
	year={2021},
	publisher={American Physical Society}
}

@article{aaij2021observation,
	title={Observation of the decay},
	author={Aaij, R and Abell Beteta, C and Ackernley, T and Adeva, B and Adinolfi, M and Afsharnia, H and Aidala, CA and Aiola, S and Ajaltouni, Z and Akar, S and others},
	journal={Journal of High Energy Physics},
	volume={2021},
	number={5},
	pages={1--21},
	year={2021},
	publisher={Springer Berlin Heidelberg}
}

@article{ovsiannikova2021spectroscopy,
	title={Spectroscopy in beauty decays at the LHCb experiment},
	author={Ovsiannikova, Tatiana},
	journal={arXiv preprint arXiv:2103.04453},
	year={2021}
}

@article{aaij2021observation,
	title={Observation of CP violation in two-body B -meson decays to charged pions and kaons},
	author={Aaij, Roel and Abeln Beteta, C and Ackernley, Thomas and Adeva, Bernardo and Adinolfi, Marco and Afsharnia, Hossein and Aidala, Christine Angela and Aiola, Salvatore and Ajaltouni, Ziad and Akar, Simon and others},
	journal={Journal of High Energy Physics},
	volume={2021},
	number={3},
	pages={1--43},
	year={2021},
	publisher={Springer Berlin Heidelberg}
}

@article{aaij2021measurement,
	title={Measurement of the prompt-production cross-section ratio) in p Pb collisions at s N N= 8.16 TeV},
	author={Aaij, Roel and Beteta, C Abell n and Ackernley, Thomas and Adeva, Bernardo and Adinolfi, Marco and Afsharnia, Hossein and Aidala, Christine Angela and Aiola, Salvatore and Ajaltouni, Ziad and Akar, Simon and others},
	journal={Physical Review C},
	volume={103},
	number={6},
	pages={064905},
	year={2021},
	publisher={American Physical Society}
}

@article{lhcb2019search,
	title={Search for Lepton-Flavor Violating Decays B},
	author={LHCb Collaboration and others},
	journal={Physical Review Letters},
	volume={123},
	number={24},
	pages={241802},
	year={2019},
	publisher={American Physical Society}
}

@article{aaij2020measurement,
	title={Measurement of the shape of the B},
	author={Aaij, R and Abellan Beteta, C and Ackernley, T and Adeva, B and Adinolfi, M and Afsharnia, H and Aidala, CA and Aiola, S and Ajaltouni, Z and Akar, S and others},
	journal={Journal of high energy physics: JHEP},
	volume={2020},
	number={12},
	year={2020},
	publisher={Società italiana di fisica}
}

@article{aaij2016observation,
	title={Observation of the Decay},
	author={Aaij, R and Abelln Beteta, C and Adeva, B and Adinolfi, M and Ajaltouni, Z and Akar, S and Albrecht, J and Alessio, F and Alexander, M and Ali, S and others},
	journal={Physics Letters B},
	volume={759},
	pages={282--292},
	year={2016},
	publisher={Elsevier}
}

@article{aaij2021observation,
	title={Observation of a New Excited D Decays},
	author={Aaij, Roel and Beteta, C Abelln and Ackernley, Thomas and Adeva, Bernardo and Adinolfi, Marco and Afsharnia, Hossein and Aidala, Christine Angela and Aiola, Salvatore and Ajaltouni, Ziad and Akar, Simon and others},
	journal={Physical review letters},
	volume={126},
	number={12},
	pages={122002},
	year={2021},
	publisher={American Physical Society}
}

@article{aaij2021search,
	title={Search for long-lived particles decaying},
	author={Aaij, Roel and Beteta, C Abelln and Ackernley, Thomas and Adeva, Bernardo and Adinolfi, Marco and Afsharnia, Hossein and Aidala, Christine Angela and Aiola, Salvatore and Ajaltouni, Ziad and Akar, Simon and others},
	journal={The European Physical Journal C},
	volume={81},
	number={3},
	pages={1--16},
	year={2021},
	publisher={Springer Berlin Heidelberg}
}

@article{aaij2021measurement,
	title={Measurement of CP observables in D final states},
	author={Aaij, Roel and Abelln Beteta, C and Ackernley, Thomas and Adeva, Bernardo and Adinolfi, Marco and Afsharnia, Hossein and Aidala, Christine Angela and Aiola, Salvatore and Ajaltouni, Ziad and Akar, Simon and others},
	journal={Journal of High Energy Physics},
	volume={2021},
	number={4},
	pages={1--36},
	year={2021},
	publisher={Springer Berlin Heidelberg}
}

@techreport{aaij2021precise,
	title={Precise determination of the oscillation frequency},
	author={Aaij, Roel and Torres Machado, Diego and Bradley, Matthew John and Ciezarek, Gregory and Dudek, Maciej Wojciech and Collins, Paula and Weber, Steffen Georg and Qian, Wenbin and Sazak, Halime and Meloni, Simone and others},
	year={2021},
	institution={LHCB-PAPER-2021-005-003}
}

@article{collaboration2020model,
	title={Model-independent study of structure in decays},
	author={Collaboration, LHCb},
	journal={PHYSICAL REVIEW LETTERS Phys Rev Lett},
	volume={125},
	pages={242001},
	year={2020},
	publisher={American Physical Society}
}

@article{aaij2019measurement,
	title={Measurement of CP violation in the  decay and search for the B decay [Measurement of CP violation in the Bs phi phi decay]},
	author={Aaij, R and Abellan Beteta, C and Adeva, B and Adinolfi, M and Aidala, CA and Ajaltouni, Z and Akar, S and Albicocco, P and Albrecht, J and Alessio, F and others},
	year={2019},
	publisher={Springer}
}

@article{aaij2020search,
	title={Search for the doubly charmed baryon},
	author={Aaij, R and Abellan Beteta, C and Ackernley, T and Adeva, B and Adinolfi, M and Afsharnia, H and Aidala, CA and Aiola, S and Ajaltouni, Z and Akar, S and others},
	year={2020},
	publisher={Science in China Press}
}

@article{aaij2021angular,
	title={Angular analysis of B},
	author={Aaij, Roel and Abelln Beteta, C and Ackernley, Thomas and Adeva, Bernardo and Adinolfi, Marco and Afsharnia, Hossein and Aidala, Christine Angela and Aiola, Salvatore and Ajaltouni, Ziad and Akar, Simon and others},
	journal={Journal of High Energy Physics},
	volume={2021},
	number={6},
	pages={1--30},
	year={2021},
	publisher={Springer Berlin Heidelberg}
}

@techreport{aaij2021arxiv,
	title={arXiv: Search for CP  violation in decays},
	author={Aaij, Roel and Torres Machado, Diego and Bradley, Matthew John and Ciezarek, Gregory and Dudek, Maciej Wojciech and Collins, Paula and Weber, Steffen Georg and Qian, Wenbin and Sazak, Halime and Meloni, Simone and others},
	year={2021}
}

@article{aaij2021angular,
	title={Angular Analysis of the  Decay},
	author={Aaij, Roel and Beteta, C Abelln and Ackernley, Thomas and Adeva, Bernardo and Adinolfi, Marco and Afsharnia, Hossein and Aidala, Christine Angela and Aiola, Salvatore and Ajaltouni, Ziad and Akar, Simon and others},
	journal={Physical review letters},
	volume={126},
	number={16},
	pages={161802},
	year={2021},
	publisher={American Physical Society}
}

@article{aaij2020measurement,
	title={Measurement},
	author={Aaij, Roel and Beteta, C Abelln and Ackernley, Thomas and Adeva, Bernardo and Adinolfi, Marco and Afsharnia, Hossein and Aidala, Christine Angela and Aiola, Salvatore and Ajaltouni, Ziad and Akar, Simon and others},
	journal={The European Physical Journal C},
	volume={80},
	number={3},
	pages={1--18},
	year={2020},
	publisher={Springer Berlin Heidelberg}
}

@article{aaij2021observation,
	title={Observation of the decay },
	author={Aaij, Roel and Beteta, C Abellan and Ackernley, Thomas and Adeva, Bernardo and Adinolfi, Marco and Afsharnia, Hossein and Aidala, Christine Angela and Aiola, Salvatore and Ajaltouni, Ziad and Akar, Simon and others},
	journal={arXiv preprint arXiv:2103.04949},
	year={2021}
}

@article{aaij2021observation,
	title={Observation of the decay},
	author={Aaij, Roel and Abelln Beteta, C and Ackernley, T and Adeva, B and Adinolfi, M and Afsharnia, H and Aidala, CA and Aiola, S and Ajaltouni, Z and Akar, S and others},
	journal={Journal of High Energy Physics},
	volume={2021},
	number={3},
	year={2021},
	publisher={Springer}
}

@techreport{aaij2021arxiv,
	title={arXiv: Measurement of prompt charged-particle production in proton-proton collisions at a centre-of-mass energy of 13 TeV},
	author={Aaij, Roel and Torres Machado, Diego and Bradley, Matthew John and Ciezarek, Gregory and Dudek, Maciej Wojciech and Collins, Paula and Weber, Steffen Georg and Qian, Wenbin and Sazak, Halime and Meloni, Simone and others},
	year={2021}
}

@article{bediaga2020test,
	title={Test of lepton universality with  decays},
	author={Bediaga, I and Cruz, Torres M and De Miranda, JM and dos Reis, AC and Gomes, A and Massafferri, A and Soares, Lavra L and Torres, Machado D and Amato, S and De Paula, L and others},
	journal={Journal of High Energy Physics},
	volume={2020},
	number={5},
	pages={40--40},
	year={2020},
	publisher={Institute of Physics and IOP Publishing Limited}
}

@article{bediaga2020isospin,
	title={Isospin Amplitudes in Decays},
	author={Bediaga, I and Cruz, Torres M and De Miranda, JM and Dos Reis, AC and Gomes, A and Massafferri, A and Soares, Lavra L and Torres, Machado D and Amato, S and De Paula, L and others},
	journal={Physical Review Letters},
	volume={124},
	number={11},
	pages={111802--111802},
	year={2020},
	publisher={American Physical Society}
}

@article{bediaga2020measurement,
	title={Measurement of CP violation in  decays},
	author={Bediaga, I and Cruz, Torres M and De Miranda, JM and dos Reis, AC and Gomes, A and Massafferri, A and Soares, Lavra L and Amato, S and De Paula, L and Ferreira, Rodrigues F and others},
	journal={Journal of High Energy Physics},
	volume={2020},
	number={3},
	pages={147--147},
	year={2020},
	publisher={Institute of Physics and IOP Publishing Limited}
}

@techreport{aaij2021measurement,
	title={Measurement of prompt charged-particle production },
	author={Aaij, Roel and Torres Machado, Diego and Bradley, Matthew John and Ciezarek, Gregory and Dudek, Maciej Wojciech and Collins, Paula and Weber, Steffen Georg and Qian, Wenbin and Sazak, Halime and Meloni, Simone and others},
	year={2021},
	institution={LHCB-PAPER-2021-010-003}
}

@techreport{aaij2021arxiv,
	title={arXiv: Study ofphoto-production in lead-lead peripheral collisions at  5 TeV},
	author={Aaij, Roel and Torres Machado, Diego and Bradley, Matthew John and Ciezarek, Gregory and Dudek, Maciej Wojciech and Collins, Paula and Weber, Steffen Georg and Qian, Wenbin and Sazak, Halime and Meloni, Simone and others},
	year={2021}
}

@techreport{aaij2021study,
	title={Study ofphoto-production in lead-lead peripheral collisions TeV},
	author={Aaij, Roel and Torres Machado, Diego and Bradley, Matthew John and Ciezarek, Gregory and Dudek, Maciej Wojciech and Collins, Paula and Weber, Steffen Georg and Qian, Wenbin and Sazak, Halime and Meloni, Simone and others},
	year={2021},
	institution={LHCB-PAPER-2020-043-003}
}

@article{aaij2021observation,
	title={Observation of New Resonances Decaying to },
	author={Aaij, Roel and Beteta, C Abelln and Ackernley, Thomas and Adeva, Bernardo and Adinolfi, Marco and Afsharnia, Hossein and Aidala, Christine Angela and Aiola, Salvatore and Ajaltouni, Ziad and Akar, Simon and others},
	journal={Physical review letters},
	volume={127},
	number={8},
	pages={082001},
	year={2021},
	publisher={American Physical Society}
}

@techreport{aaij2021arxiv,
	title={arXiv: Search for the radiative Xib2XiGamma decay},
	author={Aaij, Roel and Torres Machado, Diego and Bradley, Matthew John and Ciezarek, Gregory and Dudek, Maciej Wojciech and Collins, Paula and Weber, Steffen Georg and Qian, Wenbin and Sazak, Halime and Meloni, Simone and others},
	year={2021}
}

@article{aaij2021precise,
	title={Precise measurement of the f s/f d ratio of fragmentation fractions and of B s 0 decay branching fractions},
	author={Aaij, Roel and Beteta, C Abelln and Ackernley, Thomas and Adeva, Bernardo and Adinolfi, Marco and Afsharnia, Hossein and Aidala, Christine Angela and Aiola, Salvatore and Ajaltouni, Ziad and Akar, Simon and others},
	journal={Physical Review D},
	volume={104},
	number={3},
	pages={032005},
	year={2021},
	publisher={American Physical Society}
}

@article{aaij2021search,
	title={Search for the doubly heavy baryons and decaying},
	author={Aaij, R and Abelln Beteta, C and Ackernley, T and Adeva, B and Adinolfi, M and Afsharnia, H and Aidala, CA and Aiola, S and Ajaltouni, Z and Akar, S and others},
	year={2021},
	publisher={Chinese Physical Society and the Institute of High Energy Physics of the~…}
}

@article{collaborationangular,
	title={Angular analysis of the rare decay },
	author={Collaboration, LHCb and Aaij, R and Abdelmotteleb, ASW and Beteta, C Abell n and Ackernley, T and Adeva, B and Adinolfi, M and Afsharnia, H and Agapopoulou, C and Aidala, CA and others}
}

@techreport{aaij2021arxiv,
	title={arXiv: Observation of an exotic narrow doubly charmed tetraquark},
	author={Aaij, Roel and Torres Machado, Diego and Bradley, Matthew John and Ciezarek, Gregory and Dudek, Maciej Wojciech and Collins, Paula and Kleijne, Nico and Qian, Wenbin and Sazak, Halime and Meloni, Simone and others},
	year={2021},
	institution={LHCB-PAPER-2021-031-003}
}

@article{aaij2021observation,
	title={Observation of the mass difference between neutral charm-meson eigenstates},
	author={Aaij, Roel and Beteta, C Abelln and Ackernley, Thomas and Adeva, Bernardo and Adinolfi, Marco and Afsharnia, Hossein and Aidala, Christine Angela and Aiola, Salvatore and Ajaltouni, Ziad and Akar, Simon and others},
	journal={Physical review letters},
	volume={127},
	number={11},
	pages={111801},
	year={2021},
	publisher={American Physical Society}
}

@techreport{aaij2021arxiv,
	title={arXiv: Observation of the suppressed  asymmetry},
	author={Aaij, Roel and Torres Machado, Diego and Bradley, Matthew John and Ciezarek, Gregory and Dudek, Maciej Wojciech and Collins, Paula and Kleijne, Nico and Qian, Wenbin and Sazak, Halime and Meloni, Simone and others},
	year={2021}
}

@article{bernet2020measurement,
	title={Measurement of decays},
	author={Bernet, R and Mller, K and Owen, P and Serra, N and Steinkamp, O and LHCb Collaboration and others},
	journal={Physical Review. D, Particles, fields, gravitation and cosmology},
	volume={101},
	number={7},
	pages={072004},
	year={2020},
	publisher={American Physical Society}
}

@article{aaij2021search,
	title={Search for C P violation in  b-  p K- K- decays},
	author={Aaij, Roel and Beteta, C Abell n and Ackernley, Thomas and Adeva, Bernardo and Adinolfi, Marco and Afsharnia, Hossein and Aidala, Christine Angela and Aiola, Salvatore and Ajaltouni, Ziad and Akar, Simon and others},
	journal={Physical Review D},
	volume={104},
	number={5},
	pages={052010},
	year={2021},
	publisher={American Physical Society}
}

@article{aaij2021branching,
	title={Branching fraction measurements of the rare B s decays},
	author={Aaij, Roel and Beteta, C Abelln and Ackernley, Thomas and Adeva, Bernardo and Adinolfi, Marco and Afsharnia, Hossein and Aidala, Christine Angela and Aiola, Salvatore and Ajaltouni, Ziad and Akar, Simon and others},
	journal={Physical review letters},
	volume={127},
	number={15},
	pages={151801},
	year={2021},
	publisher={American Physical Society}
}

@article{aaij2021observation,
	title={Observation of at 8 TeV},
	author={Aaij, R and Abdelmotteleb, ASW and Abelln Beteta, C and Ackernley, T and Adeva, B and Adinolfi, M and Afsharnia, H and Aidala, CA and Aiola, S and Ajaltouni, Z and others},
	journal={Journal of High Energy Physics},
	volume={2021},
	number={10},
	pages={1--38},
	year={2021},
	publisher={Springer Berlin Heidelberg}
}

@article{aaij2021search,
	title={Search for the doubly heavy baryons and decaying to and},
	author={Aaij, Roel and Beteta, C Abelln and Ackernley, Thomas and Adeva, Bernardo and Adinolfi, Marco and Afsharnia, Hossein and Aidala, Christine Angela and Aiola, Salvatore and Ajaltouni, Ziad and Akar, Simon and others},
	journal={Chinese Physics C},
	volume={45},
	number={9},
	pages={093002},
	year={2021},
	publisher={IOP Publishing}
}

@article{aaij2022search,
	title={Search for massive long-lived particles 13 TeV},
	author={Aaij, Roel and Abdelmotteleb, Ahmed Sameh Wagih and Beteta, C Abelln and Gallego, FJ and Ackernley, Thomas and Adeva, Bernardo and Adinolfi, Marco and Afsharnia, Hossein and Agapopoulou, Christina and Aidala, Christine Angela and others},
	journal={The European Physical Journal C},
	volume={82},
	number={4},
	pages={1--19},
	year={2022},
	publisher={Springer Berlin Heidelberg}
}

@article{aaij2021tests,
	title={Tests of lepton universality  decays},
	author={Aaij, Roel and Abdelmotteleb, Ahmed Sameh Wagih and Beteta, C Abell n and Abudin{ 'e}n, F and Ackernley, Thomas and Adeva, Bernardo and Adinolfi, Marco and Afsharnia, Hossein and Agapopoulou, Christina and Aidala, Christine Angela and others},
	journal={arXiv preprint arXiv:2110.09501},
	year={2021}
}

@article{aaij2021search,
	title={Search for time-dependent C P violation in D 0  K+ K- and D decays},
	author={Aaij, Roel and Beteta, C Abelln and Ackernley, Thomas and Adeva, Bernardo and Adinolfi, Marco and Afsharnia, Hossein and Aidala, Christine Angela and Aiola, Salvatore and Ajaltouni, Ziad and Akar, Simon and others},
	journal={Physical Review D},
	volume={104},
	number={7},
	pages={072010},
	year={2021},
	publisher={American Physical Society}
}

@article{aaij2021test,
	title={Test of lepton universality in beauty-quark decays},
	author={Aaij, Roel and Beteta, C Abelln and Ackernley, Thomas and Adeva, Bernardo and Adinolfi, Marco and Afsharnia, Hossein and Aidala, Christine Angela and Aiola, Salvatore and Ajaltouni, Ziad and Akar, Simon and others},
	journal={arXiv preprint arXiv:2103.11769},
	year={2021}
}

@article{nguyen2021search,
	title={Search for the doubly heavy baryons c},
	author={Nguyen-Mau, C and Aaij, R and Beteta, C Abell n and Ackernley, T and Adeva, B and Adinolfi, M and Afsharnia, H and Aidala, CA and Aiola, S and Ajaltouni, Z and others},
	journal={Chinese Physics C},
	volume={45},
	number={9},
	pages={1--12},
	year={2021},
	publisher={IOP Publishing}
}

@article{aaij2021search,
	title={Search for CP violation  decays},
	author={Aaij, Roel and Abelln Beteta, C and Ackernley, Thomas and Adeva, Bernardo and Adinolfi, Marco and Afsharnia, Hossein and Aidala, Christine Angela and Aiola, Salvatore and Ajaltouni, Ziad and Akar, Simon and others},
	journal={Journal of High Energy Physics},
	volume={2021},
	number={6},
	pages={1--25},
	year={2021},
	publisher={Springer Berlin Heidelberg}
}

@article{aaij2021study,
	title={Study of the doubly charmed tetraquark},
	author={Aaij, Roel and Abdelmotteleb, Ahmed Sameh Wagih and Beteta, C Abelln and Gallego, FJ and Ackernley, Thomas and Adeva, Bernardo and Adinolfi, Marco and Afsharnia, Hossein and Agapopoulou, Christina and Aidala, Christine Angela and others},
	journal={arXiv preprint arXiv:2109.01056},
	year={2021}
}

@article{aaij2021observation,
	title={Observation of a production asymmetry in proton-proton collisions },
	author={Aaij, Roel and Abdelmotteleb, Ahmed Sameh Wagih and Beteta, C Abell n and Ackernley, Thomas and Adeva, Bernardo and Adinolfi, Marco and Afsharnia, Hossein and Aidala, Christine Angela and Aiola, Salvatore and Ajaltouni, Ziad and others},
	journal={arXiv preprint arXiv:2107.09593},
	year={2021}
}

@article{aaij2021measurement,
	title={Measurement of prompt charged-particle production in proton-proton collisions at a centre-of-mass energy of 13 TeV},
	author={Aaij, Roel and Beteta, C Abell n and Ackernley, Thomas and Adeva, Bernardo and Adinolfi, Marco and Afsharnia, Hossein and Aidala, Christine Angela and Aiola, Salvatore and Ajaltouni, Ziad and Akar, Simon and others},
	journal={arXiv preprint arXiv:2107.10090},
	year={2021}
}

@article{lhcb2022precise,
	title={Precise determination of the B  s 0 oscillation frequency},
	journal={Nature Physics},
	volume={18},
	number={1},
	pages={1--5},
	year={2022},
	publisher={Nature Publishing Group UK London}
}

@article{aaij2021measurement,
	title={Measurement of the lifetimes of promptly produced    backslash Omega  baryons},
	author={Aaij, Roel and Abdelmotteleb, Ahmed Sameh Wagih and Beteta, C Abell n and Ackernley, Thomas and Adeva, Bernardo and Adinolfi, Marco and Afsharnia, Hossein and Agapopoulou, Christina and Aidala, Christine Angela and Aiola, Salvatore and others},
	journal={arXiv preprint arXiv:2109.01334},
	year={2021}
}

@article{aaij2022measurement,
	title={Measurement of the B s 0    mu +   mu - decay properties and search for the B 0    mu +   mu - and B s 0    mu +   mu -   gamma  decays},
	author={Aaij, Roel and Beteta, C Abell n and Ackernley, Thomas and Adeva, Bernardo and Adinolfi, Marco and Afsharnia, Hossein and Aidala, Christine Angela and Aiola, Salvatore and Ajaltouni, Ziad and Akar, Simon and others},
	journal={Physical Review D},
	volume={105},
	number={1},
	pages={012010},
	year={2022},
	publisher={American Physical Society}
}

@article{aaij2022study,
	title={Study of Z bosons produced in association with charm in the forward region},
	author={Aaij, Roel and Abdelmotteleb, Ahmed Sameh Wagih and Beteta, C Abell n and Gallego, FJ Abudinen and Ackernley, Thomas and Adeva, Bernardo and Adinolfi, Marco and Afsharnia, Hossein and Agapopoulou, Christina and Aidala, Christine Angela and others},
	journal={Physical review letters},
	volume={128},
	number={8},
	pages={082001},
	year={2022},
	publisher={American Physical Society}
}

@article{aaij2022measurement,
	title={Measurement of the Nuclear Modification Factor and Prompt Charged Particle Production in p-Pb and p p Collisions at s N N= 5 TeV},
	author={Aaij, Roel and Beteta, C Abell n and Ackernley, Thomas and Adeva, Bernardo and Adinolfi, Marco and Afsharnia, Hossein and Aidala, Christine Angela and Aiola, Salvatore and Ajaltouni, Ziad and Akar, Simon and others},
	journal={Physical review letters},
	volume={128},
	number={14},
	pages={142004},
	year={2022},
	publisher={American Physical Society}
}

@article{aaij2021observation,
	title={Observation of an exotic narrow doubly charmed tetraquark},
	author={Aaij, Roel and Abdelmotteleb, Ahmed Sameh Wagih and Beteta, C Abell n and Gallego, FJ and Ackernley, Thomas and Adeva, Bernardo and Adinolfi, Marco and Afsharnia, Hossein and Agapopoulou, Christina and Aidala, Christine Angela and others},
	journal={arXiv preprint arXiv:2109.01038},
	year={2021}
}

@article{aaij2021search,
	title={Search for the doubly charmed baryon   Xi  cc+     final state},
	author={Aaij, Roel and Abdelmotteleb, Ahmed Sameh Wagih and Abell n Beteta, C and Ackernley, Thomas and Adeva, Bernardo and Adinolfi, Marco and Afsharnia, Hossein and Agapopoulou, Christina and Aidala, Christine Angela and Aiola, Salvatore and others},
	journal={Journal of High Energy Physics},
	volume={2021},
	number={12},
	pages={1--27},
	year={2021},
	publisher={Springer Berlin Heidelberg}
}

@article{aaij2021study,
	title={Study of coherent   J/  backslash psi   production in lead-lead collisions at    backslash sqrt  = 5 TeV },
	author={Aaij, Roel and Beteta, C Abell n and Ackernley, Thomas and Adeva, Bernardo and Adinolfi, Marco and Afsharnia, Hossein and Aidala, Christine Angela and Aiola, Salvatore and Ajaltouni, Ziad and Akar, Simon and others},
	journal={arXiv preprint arXiv:2107.03223},
	year={2021}
}

@article{aaij2021study,
	title={Study of   J/  backslash psi   photo-production in lead-lead peripheral collisions at    backslash sqrt    = 5 TeV},
	author={Aaij, Roel and Beteta, C Abell n and Ackernley, Thomas and Adeva, Bernardo and Adinolfi, Marco and Afsharnia, Hossein and Aidala, Christine Angela and Aiola, Salvatore and Ajaltouni, Ziad and Akar, Simon and others},
	journal={arXiv preprint arXiv:2108.02681},
	year={2021}
}

@article{aaij2022search,
	title={Search for the radiative   Xi  b-     {   backslash Xi  }   _b  {}  { -  }        Xi -   gamma  decay},
	author={Aaij, Roel and Abdelmotteleb, Ahmed Sameh Wagih and Abell n Beteta, C and Ackernley, Thomas and Adeva, Bernardo and Adinolfi, Marco and Afsharnia, Hossein and Aidala, Christine Angela and Aiola, Salvatore and Ajaltouni, Ziad and others},
	journal={Journal of High Energy Physics},
	volume={2022},
	number={1},
	pages={1--20},
	year={2022},
	publisher={Springer Berlin Heidelberg}
}

@article{aaij2021observation,
	title={Observation of the suppressed   Lambda  b 0  D p K- decay with D  K+   pi - and measurement of its C P asymmetry},
	author={Aaij, Roel and Abdelmotteleb, Ahmed Sameh Wagih and Beteta, C Abell n and Gallego, FJ Abudinen and Ackernley, Thomas and Adeva, Bernardo and Adinolfi, Marco and Afsharnia, Hossein and Agapopoulou, Christina and Aidala, Christine Angela and others},
	journal={Physical Review D},
	volume={104},
	number={11},
	pages={112008},
	year={2021},
	publisher={American Physical Society}
}

@article{aaij2021measurement,
	title={Measurement of J/  psi  production cross-sections in pp collisions at s     backslash sqrt   { s  }    = 5 TeV},
	author={Aaij, Roel and Abdelmotteleb, Ahmed Sameh Wagih and Abell n Beteta, C and Ackernley, Thomas and Adeva, Bernardo and Adinolfi, Marco and Afsharnia, Hossein and Agapopoulou, Christina and Aidala, Christine Angela and Aiola, Salvatore and others},
	journal={Journal of High Energy Physics},
	volume={2021},
	number={11},
	pages={1--32},
	year={2021},
	publisher={Springer Berlin Heidelberg}
}

@article{aaij2022analysis,
	title={Analysis of neutral B-meson decays into two muons},
	author={Aaij, Roel and Beteta, C Abell n and Ackernley, Thomas and Adeva, Bernardo and Adinolfi, Marco and Afsharnia, Hossein and Aidala, Christine Angela and Aiola, Salvatore and Ajaltouni, Ziad and Akar, Simon and others},
	journal={Physical Review Letters},
	volume={128},
	number={4},
	pages={041801},
	year={2022},
	publisher={American Physical Society}
}

@article{aaij2021updated,
	title={Updated search for B c+     { B  }   _c  {}  { +  }     decays to two charm mesons},
	author={Aaij, Roel and Abdelmotteleb, Ahmed Sameh Wagih and Abell n Beteta, C and Ackernley, Thomas and Adeva, Bernardo and Adinolfi, Marco and Afsharnia, Hossein and Agapopoulou, Christina and Aidala, Christine Angela and Aiola, Salvatore and others},
	journal={Journal of High Energy Physics},
	volume={2021},
	number={12},
	pages={1--23},
	year={2021},
	publisher={Springer Berlin Heidelberg}
}

@article{aaij2022measurement,
	title={Measurement of the W boson mass},
	author={Aaij, Roel and Abdelmotteleb, Ahmed Sameh Wagih and Abell n Beteta, C and Ackernley, Thomas and Adeva, Bernardo and Adinolfi, Marco and Afsharnia, Hossein and Agapopoulou, Christina and Aidala, Christine Angela and Aiola, Salvatore and others},
	journal={Journal of High Energy Physics},
	volume={2022},
	number={1},
	pages={1--38},
	year={2022},
	publisher={Springer Berlin Heidelberg}
}

@article{aaij2021angular,
	title={Angular analysis of the rare decay B s 0    { B  }   _s  {} 0      phi   mu +   mu -},
	author={Aaij, Roel and Abdelmotteleb, Ahmed Sameh Wagih and Abell n Beteta, C and Ackernley, Thomas and Adeva, Bernardo and Adinolfi, Marco and Afsharnia, Hossein and Agapopoulou, Christina and Aidala, Christine Angela and Aiola, Salvatore and others},
	journal={Journal of High Energy Physics},
	volume={2021},
	number={11},
	pages={1--45},
	year={2021},
	publisher={Springer Berlin Heidelberg}
}

@article{aaij2021observation,
	title={Observation of excited   Omega  c 0 baryons in   Omega  b-    Xi  c+ K-   pi - decays},
	author={Aaij, Roel and Beteta, C Abell n and Ackernley, Thomas and Adeva, Bernardo and Adinolfi, Marco and Afsharnia, Hossein and Aidala, Christine Angela and Aiola, Salvatore and Ajaltouni, Ziad and Akar, Simon and others},
	journal={Physical Review D},
	volume={104},
	number={9},
	pages={L091102},
	year={2021},
	publisher={American Physical Society}
}

@article{aaij2022centrality,
	title={Centrality determination in heavy-ion collisions with the LHCb detector},
	author={Aaij, Roel and Beteta, C Abell n and Ackernley, Thomas and Adeva, Bernardo and Adinolfi, Marco and Afsharnia, Hossein and Aidala, Christine Angela and Aiola, Salvatore and Ajaltouni, Ziad and Akar, Simon and others},
	journal={Journal of Instrumentation},
	volume={17},
	number={05},
	pages={P05009},
	year={2022},
	publisher={IOP Publishing}
}

@article{aaij2021study,
	title={Study of the   B _c  {}+   decays into charmonia and three light hadrons},
	author={Aaij, Roel and Abdelmotteleb, Ahmed Sameh Wagih and Beteta, C Abell n and Gallego, FJ and Ackernley, Thomas and Adeva, Bernardo and Adinolfi, Marco and Afsharnia, Hossein and Agapopoulou, Christina and Aidala, Christine Angela and others},
	journal={arXiv preprint arXiv:2111.03001},
	year={2021}
}

@article{aaij2021simultaneous,
	title={Simultaneous determination of CKM angle   gamma  and charm mixing parameters},
	author={Aaij, Roel and Abdelmotteleb, Ahmed Sameh Wagih and Abell n Beteta, C and Abudin{ 'e}n, F and Ackernley, Thomas and Adeva, Bernardo and Adinolfi, Marco and Afsharnia, Hossein and Agapopoulou, Christina and Aidala, Christine Angela and others},
	journal={Journal of High Energy Physics},
	volume={2021},
	number={12},
	pages={1--32},
	year={2021},
	publisher={Springer Berlin Heidelberg}
}

@techreport{aaij2021arxiv,
	title={arXiv: Centrality determination in heavy-ion collisions with the LHCb detector},
	author={Aaij, Roel and Torres Machado, Diego and Bradley, Matthew John and Ciezarek, Gregory and Dudek, Maciej Wojciech and Collins, Paula and Weber, Steffen Georg and Qian, Wenbin and Sazak, Halime and Meloni, Simone and others},
	year={2021}
}

@article{aaij2022angular,
	title={Angular Analysis of D  Decays and Search for C P Violation},
	author={Aaij, Roel and Abdelmotteleb, Ahmed Sameh Wagih and Beteta, C Abell n and Abudin{ 'e}n, F and Ackernley, Thomas and Adeva, Bernardo and Adinolfi, Marco and Afsharnia, Hossein and Agapopoulou, Christina and Aidala, Christine Angela and others},
	journal={Physical Review Letters},
	volume={128},
	number={22},
	pages={221801},
	year={2022},
	publisher={American Physical Society}
}

@article{aaij2022observation,
	title={Observation of Two New Excited  States Decaying to   Lambda },
	author={Aaij, Roel and Abdelmotteleb, Ahmed Sameh Wagih and Beteta, C Abell n and Ackernley, Thomas and Adeva, Bernardo and Adinolfi, Marco and Afsharnia, Hossein and Agapopoulou, Christina and Aidala, Christine Angela and Aiola, Salvatore and others},
	journal={Physical review letters},
	volume={128},
	number={16},
	pages={162001},
	year={2022},
	publisher={American Physical Society}
}

@article{baptista2021erratum,
	title={Erratum to: Study 024)},
	author={Baptista, Leite J and Bediaga, I and Cruz, Torres M and De Miranda, JM and dos Reis, AC and Gomes, A and Massafferri, A and Torres, Machado D and Amato, S and De Paula, L and others},
	journal={Journal of High Energy Physics},
	volume={2021},
	number={4},
	year={2021},
	publisher={Institute of Physics and IOP Publishing Limited}
}

@article{bediaga2020search,
	title={Search for the },
	author={Bediaga, I and Cruz, Torres M and De Miranda, JM and Dos Reis, AC and Gomes, A and Massafferri, A and Torres, MacHado D and Amato, S and De Paula, L and Ferreira, Rodrigues F and others},
	journal={Physical Review Letters},
	volume={124},
	number={21},
	pages={211802--211802},
	year={2020},
	publisher={American Physical Society}
}

@article{aaij2022searches,
	title={Searches for rare and B0 decays into four muons},
	author={Aaij, Roel and Abdelmotteleb, Ahmed Sameh Wagih and Abell n Beteta, C and Abudin{ 'e}n, F and Ackernley, Thomas and Adeva, Bernardo and Adinolfi, Marco and Afsharnia, Hossein and Agapopoulou, Christina and Aidala, Christine Angela and others},
	journal={Journal of High Energy Physics},
	volume={2022},
	number={3},
	pages={1--27},
	year={2022},
	publisher={Springer Berlin Heidelberg}
}

@article{aaij2022measurement,
	title={Measurement of the photon polarization in   Lambda  b 0    Lambda    gamma  decays},
	author={Aaij, Roel and Abdelmotteleb, Ahmed Sameh Wagih and Beteta, C Abellan and Abudin{ 'e}n, F and Ackernley, Thomas and Adeva, Bernardo and Adinolfi, Marco and Afsharnia, Hossein and Agapopoulou, Christina and Aidala, Christine Angela and others},
	journal={Physical Review D},
	volume={105},
	number={5},
	pages={L051104},
	year={2022},
	publisher={American Physical Society}
}

@article{baptista2021angular,
	title={Angular analysis of},
	author={Baptista, Leite J and Bediaga, I and Cruz, Torres M and De Miranda, JM and dos Reis, AC and Gomes, A and Massafferri, A and Torres, Machado D and Amato, S and De Paula, L and others},
	journal={Journal of High Energy Physics},
	volume={2021},
	number={6},
	year={2021},
	publisher={Institute of Physics and IOP Publishing Limited}
}

@article{aaij2021first,
	title={First measurement of the   )     backslash phi      phi  decays},
	author={Aaij, Roel and Abell n Beteta, C and Ackernley, Thomas and Adeva, Bernardo and Adinolfi, Marco and Afsharnia, Hossein and Aidala, Christine Angela and Aiola, Salvatore and Ajaltouni, Ziad and Akar, Simon and others},
	journal={The European Physical Journal C},
	volume={81},
	number={11},
	pages={1--18},
	year={2021},
	publisher={Springer Berlin Heidelberg}
}

@article{leite2021observation,
	title={Observation of new excited Bs0 states},
	author={Leite, JB and Bediaga, I and Torres, MC and De Miranda, JM and Reis, ACd and Gomes, A and Massafferri, A and Machado, DT and Amato, S and De Paula, L and others},
	journal={The European Physical Journal C-Particles and Fields},
	volume={81},
	number={7},
	year={2021},
	publisher={Springer-Verlag GmbH}
}

@article{baptista2021searches,
	title={Searches for 25 rare and forbidden decays of D+ and Ds+ mesons},
	author={Baptista, Leite J and Bediaga, I and Cruz, Torres M and De Miranda, JM and dos Reis, AC and Gomes, A and Massafferri, A and Torres, Machado D and Amato, S and De Paula, L and others},
	journal={Journal of High Energy Physics},
	volume={2021},
	number={6},
	year={2021},
	publisher={Institute of Physics and IOP Publishing Limited}
}

@article{aaij2022observation,
	title={Observation of   Lambda  b  decays},
	author={Aaij, R and Abdelmotteleb, ASW and Abell n Beteta, C and Abudin{ 'e}n, F and Ackernley, T and Adeva, B and Adinolfi, M and Afsharnia, H and Agapopoulou, C and Aidala, CA and others},
	journal={Journal of High Energy Physics},
	volume={2022},
	number={3},
	pages={1--30},
	year={2022},
	publisher={Springer Berlin Heidelberg}
}

@article{aaij2021search,
	title={Search for the doubly charmed baryon   Omega  cc+},
	author={Aaij, Roel and Abell n Beteta, C and Ackernley, Thomas and Adeva, Bernardo and Adinolfi, Marco and Afsharnia, Hossein and Aidala, Christine Angela and Aiola, Salvatore and Ajaltouni, Ziad and Akar, Simon and others},
	journal={Science China Physics, Mechanics  & Astronomy},
	volume={64},
	number={10},
	pages={1--12},
	year={2021},
	publisher={Science China Press}
}

@article{collaboration2021measurement,
	title={Measurement of CP asymmetry in D0 K S0 K S0 decays},
	author={Collaboration, LHCb},
	journal={Physical Review D},
	volume={104},
	pages={L031102},
	year={2021}
}

@article{baptista2021measurement,
	title={Measurement of the CKM angle   gamma  and Bs0-B{ ={}} s0 mixing frequency with Bs0  Ds∓ h  pm   pi   pm   pi ∓ decays},
	author={Baptista, Leite J and Bediaga, I and Cruz, Torres M and De Miranda, JM and dos Reis, AC and Gomes, A and Massafferri, A and Torres, Machado D and Amato, S and De Paula, L and others},
	journal={Journal of High Energy Physics},
	volume={2021},
	number={3},
	year={2021},
	publisher={Institute of Physics and IOP Publishing Limited}
}

@article{aaij2021precision,
	title={Precision measurement of forward   Z   boson production in proton-proton collisions at    backslash sqrt    = 13  TeV},
	author={Aaij, Roel and Abdelmotteleb, Ahmed Sameh Wagih and Beteta, C Abell n and Abudin{ 'e}n, F and Ackernley, Thomas and Adeva, Bernardo and Adinolfi, Marco and Afsharnia, Hossein and Agapopoulou, Christina and Aidala, Christine Angela and others},
	journal={arXiv preprint arXiv:2112.07458},
	year={2021}
}

@article{aaij2022identification,
	title={Identification of charm jets at LHCb},
	author={Aaij, Roel and Abdelmotteleb, Ahmed Sameh Wagih and Beteta, C Abell n and Gallego, FJ Abudinen and Ackernley, Thomas and Adeva, Bernardo and Adinolfi, Marco and Afsharnia, Hossein and Agapopoulou, Christina and Aidala, Christine Angela and others},
	journal={Journal of Instrumentation},
	volume={17},
	number={02},
	pages={P02028},
	year={2022},
	publisher={IOP Publishing}
}

@article{bediaga2020measurement,
	title={Measurement of CP observables in B  pm   DK  pm and B  pm   D  pi   pm with D  KS0 K  pm   pi ∓ decays},
	author={Bediaga, I and Cruz, Torres M and De Miranda, JM and dos Reis, AC and Gomes, A and Massafferri, A and Torres, Machado D and Amato, S and De Paula, L and Ferreira, Rodrigues F and others},
	journal={Journal of High Energy Physics},
	volume={2020},
	number={6},
	pages={58--58},
	year={2020},
	publisher={Institute of Physics and IOP Publishing Limited}
}

@techreport{aaij2021arxiv,
	title={arXiv: Identification of charm jets at LHCb},
	author={Aaij, Roel and Torres Machado, Diego and Bradley, Matthew John and Ciezarek, Gregory and Dudek, Maciej Wojciech and Collins, Paula and Kleijne, Nico and Qian, Wenbin and Sazak, Halime and Meloni, Simone and others},
	year={2021}
}

@article{aaij2021constraints,
	title={Constraints on the CKM angle    backslash gamma   from   B final states},
	author={Aaij, Roel and Abdelmotteleb, Ahmed Sameh Wagih and Beteta, C Abell n and Abudin{ 'e}n, F and Ackernley, Thomas and Adeva, Bernardo and Adinolfi, Marco and Afsharnia, Hossein and Agapopoulou, Christina and Aidala, Christine Angela and others},
	journal={arXiv preprint arXiv:2112.10617},
	year={2021}
}

@article{aaij2021observation,
	title={Observation of the   B  backslash rightarrow  backslash overline  decays},
	author={Aaij, Roel and Abdelmotteleb, Ahmed Sameh Wagih and Beteta, C Abell n and Abudin{ 'e}n, F and Ackernley, Thomas and Adeva, Bernardo and Adinolfi, Marco and Afsharnia, Hossein and Agapopoulou, Christina and Aidala, Christine Angela and others},
	journal={arXiv preprint arXiv:2112.11428},
	year={2021}
}

@techreport{aaij2021arxiv,
	title={arXiv: Observation of the   B 0  backslash rightarrow  backslash overline    decays},
	author={Aaij, Roel and Torres Machado, Diego and Bradley, Matthew John and Ciezarek, Gregory and Dudek, Maciej Wojciech and Collins, Paula and Piandani, Roberto and Kleijne, Nico and Qian, Wenbin and Sazak, Halime and others},
	year={2021}
}

@techreport{aaij2021arxiv,
	title={arXiv: Constraints on the CKM angle  backslash gamma  final states},
	author={Aaij, Roel and Torres Machado, Diego and Bradley, Matthew John and Ciezarek, Gregory and Dudek, Maciej Wojciech and Collins, Paula and Piandani, Roberto and Kleijne, Nico and Qian, Wenbin and Sazak, Halime and others},
	year={2021}
}

@article{baptista2021observation,
	title={Observation of the decay   Lambda },
	author={Baptista, Leite J and Bediaga, I and Cruz, Torres M and De Miranda, JM and dos Reis, AC and Gomes, A and Massafferri, A and Torres, Machado D and Amato, S and De Paula, L and others},
	journal={Journal of High Energy Physics},
	volume={2021},
	number={5},
	year={2021},
	publisher={Institute of Physics and IOP Publishing Limited}
}

@article{onderwater2020study,
	title={Study of the lineshape of the state},
	author={Onderwater, CJG and van Veghel, M and LHCb Collaboration and others},
	journal={Physical Review D},
	volume={102},
	number={9},
	pages={092005},
	year={2020},
	publisher={AMER PHYSICAL SOC}
}

@article{aaij2022observation,
	title={Observation of the decay    backslash Lambda b   },
	author={Aaij, Roel and Abdelmotteleb, Ahmed Sameh Wagih and Beteta, C Abell n and Abudin{ 'e}n, F and Ackernley, Thomas and Adeva, Bernardo and Adinolfi, Marco and Afsharnia, Hossein and Agapopoulou, Christina and Aidala, Christine Angela and others},
	journal={arXiv preprint arXiv:2201.03497},
	year={2022}
}

@techreport{aaij2022arxiv,
	title={arXiv: Observation of the decay    backslash Lambda },
	author={Aaij, R and Zhu, X and Bachmann, S and Vidal, X Cid and Esen, S and van Veghel, M and Santimaria, M and Johnson, D and McNab, A and Barbetti, M and others},
	year={2022},
	institution={LHCB-PAPER-2021-044-003}
}

@article{aaij2022study,
	title={Study of B c+   decays to charmonia and three light hadrons},
	author={Aaij, Roel and Abdelmotteleb, Ahmed Sameh Wagih and Abell n Beteta, C and Abudinen Gallego, FJ and Ackernley, Thomas and Adeva, Bernardo and Adinolfi, Marco and Afsharnia, Hossein and Agapopoulou, Christina and Aidala, Christine Angela and others},
	journal={Journal of High Energy Physics},
	volume={2022},
	number={1},
	pages={1--28},
	year={2022},
	publisher={Springer Berlin Heidelberg}
}

@article{aaij2020search,
	title={Search for the lepton flavour violating decay B decays},
	author={Aaij, Roel and Abell n Beteta, C and Ackernley, Thomas and Adeva, Bernardo and Adinolfi, Marco and Afsharnia, Hossein and Aidala, Christine Angela and Aiola, Salvatore and Ajaltouni, Ziad and Akar, Simon and others},
	journal={Journal of High Energy Physics},
	volume={2020},
	number={6},
	pages={1--19},
	year={2020},
	publisher={Springer Berlin Heidelberg}
}

@article{baptista2021measurement,
	title={Measurement of differential bbdijet cross-sections in the forward region of pp collisions at = 13 TeV},
	author={Baptista, Leite J and Bediaga, I and Cruz, Torres M and De Miranda, JM and dos Reis, AC and Gomes, A and Massafferri, A and Torres, Machado D and Amato, S and De Paula, L and others},
	journal={Journal of High Energy Physics},
	volume={2021},
	number={2},
	year={2021},
	publisher={Institute of Physics and IOP Publishing Limited}
}

@article{aaij2020measurement,
	title={Measurement of CP observables in B},
	author={Aaij, R and Abellan Beteta, C and Ackernley, T and Adeva, B and Adinolfi, M and Afsharnia, H and Aidala, CA and Aiola, S and Ajaltouni, Z and Akar, S and others},
	year={2020},
	publisher={Springer}
}

@article{aaij2022search,
	title={Search for the decay   B   backslash to  backslash phi  backslash mu  backslash mu },
	author={Aaij, R and Abdelmotteleb, ASW and Beteta, C Abell n and Abudin{ 'e}n, F and Ackernley, T and Adeva, B and Adinolfi, M and Afsharnia, H and Agapopoulou, C and Aidala, CA and others},
	journal={arXiv preprint arXiv:2201.10167},
	year={2022}
}

@article{bediaga2020search,
	title={Search for the doubly charmed baryon   Xi cc+},
	author={Bediaga, I and Cruz, Torres M and De Miranda, JM and dos Reis, AC and Gomes, A and Massafferri, A and Soares, Lavra L and Amato, S and De Paula, L and Ferreira, Rodrigues F and others},
	journal={Science China: Physics, Mechanics and Astronomy},
	volume={63},
	number={2},
	pages={221062--221062},
	year={2020}
}

@article{aaij2022measurement,
	title={Measurement of   chi c1 (3872) production in proton-proton collisions at s     backslash sqrt      = 8 and 13 TeV},
	author={Aaij, R and Abdelmotteleb, ASW and Abell n Beteta, C and Abudinen Gallego, FJ and Ackernley, T and Adeva, B and Adinolfi, M and Afsharnia, H and Agapopoulou, C and Aidala, CA and others},
	journal={Journal of High Energy Physics},
	volume={2022},
	number={1},
	pages={1--27},
	year={2022},
	publisher={Springer Berlin Heidelberg}
}

@article{aaij2019arxiv,
	title={arXiv: Search for the lepton-flavour violating decays   },
	author={Aaij, Roel and Ciezarek, Gregory and Dudek, Maciej Wojciech and Collins, Paula and Straumann, Ulrich and Roiser, Stefan and Qian, Wenbin and Vollhardt, Achim and Zhukov, Valery and Piucci, Alessio and others},
	journal={Phys. Rev. Lett.},
	volume={123},
	number={LHCb-PAPER-2019-022},
	pages={241802},
	year={2019}
}

@article{aaij2021evidence,
	title={Evidence of a    backslash psi  backslash varLambda   structure and observation of excited    backslash varXi   states in the    backslash backslash psi  backslash   decay},
	author={Aaij, Roel and Beteta, Carlos Abell n and Ackernley, Thomas and Adeva, Bernardo and Adinolfi, Marco and Afsharnia, Hossein and Aidala, Christine Angela and Aiola, Salvatore and Ajaltouni, Ziad and Akar, Simon and others},
	year={2021}
}

@article{aaij2020search,
	title={Search for CP violation in  decays using model-independent techniques},
	author={Aaij, R and Beteta, C Abell n and Ackernley, T and Adeva, B and Adinolfi, M and Afsharnia, H and Aidala, CA and Aiola, S and Ajaltouni, Z and Akar, S and others},
	year={2020}
}

@article{aaij2020aps,
	title={APS: Angular Analysis of the   B   Decay},
	author={Aaij, Roel and Torres Machado, Diego and Bradley, Matthew John and Ciezarek, Gregory and Dudek, Maciej Wojciech and Collins, Paula and Weber, Steffen Georg and Qian, Wenbin and Sazak, Halime and Vollhardt, Achim and others},
	journal={Phys. Rev. Lett.},
	volume={126},
	number={arXiv: 2012.13241},
	pages={161802},
	year={2020},
	publisher={LHCB-PAPER-2020-041-003}
}

@article{baptista2021observation,
	title={Observation of the   Lambda  b 0    Lambda   decay},
	author={Baptista, Leite J and Bediaga, I and Cruz, Torres M and De Miranda, JM and dos Reis, AC and Gomes, A and Massafferri, A and Torres, Machado D and Amato, S and De Paula, L and others},
	journal={Physics Letters. Section B: Nuclear, Elementary Particle and High-Energy Physics},
	volume={815},
	pages={136172--136172},
	year={2021},
	publisher={Elsevier Science Publishing Company, Inc.}
}

@article{aaij2020precision,
	title={Precision measurement of the   Xi cc++ mass [Precision measurement of the Xi  mass]},
	author={Aaij, R and Abellan Beteta, C and Ackernley, T and Adeva, B and Adinolfi, M and Afsharnia, H and Aidala, CA and Aiola, S and Ajaltouni, Z and Akar, S and others},
	year={2020},
	publisher={Springer}
}

@article{baptista2021search,
	title={Search for the rare decay },
	author={Baptista, Leite J and Bediaga, I and Cruz, Torres M and De Miranda, JM and Dos Reis, AC and Gomes, A and Massafferri, A and Torres, MacHado D and Amato, S and De Paula, L and others},
	journal={Chinese Physics C},
	volume={45},
	number={4},
	pages={043001--043001},
	year={2021}
}

@article{aaij2020isospin,
	title={Isospin Amplitudes in  },
	author={Aaij, R and Abellan Beteta, C and Ackernley, T and Adeva, B and Adinolfi, M and Afsharnia, H and Aidala, CA and Aiola, S and Ajaltouni, Z and Akar, S and others},
	year={2020},
	publisher={American Physical Society}
}

@article{baptista2021measurement,
	title={Measurement of CP asymmetry in D0  K S0 K S0 decays},
	author={Baptista, Leite J and Bediaga, I and Cruz, Torres M and De Miranda, JM and Dos Reis, AC and Gomes, A and Massafferri, A and Torres, Machado D and Amato, S and De Paula, L and others},
	journal={Physical Review D},
	volume={104},
	number={3},
	pages={L031102--L031102},
	year={2021},
	publisher={American Physical Society}
}

@article{aaij2020measurement,
	title={Measurement of the Lambda (0)(b)->},
	author={Aaij, R and Abellan Beteta, C and Ackernley, T and Adeva, B and Adinolfi, M and Afsharnia, H and Aidala, CA and Aiola, S and Ajaltouni, Z and Akar, S and others},
	year={2020},
	publisher={Springer}
}

@article{aaij2020observation,
	title={Observation of Several Sources of CP Violation in},
	author={Aaij, R and Abellan Beteta, C and Adeva, B and Adinolfi, M and Aidala, CA and Ajaltouni, Z and Akar, S and Albicocco, P and Albrecht, J and Alessio, F and others},
	year={2020},
	publisher={American Physical Society}
}

@article{aaij2019precision,
	title={Precision measurement of the    backslash     mass},
	author={Aaij, Roel and Beteta, C Abell n and Ackernley, Thomas and Adeva, Bernardo and Adinolfi, Marco and Afsharnia, Hossein and Aidala, Christine Angela and Aiola, Salvatore and Ajaltouni, Ziad and Akar, Simon and others},
	journal={arXiv preprint arXiv:1911.08594},
	year={2019}
}

@article{aaij2019search,
	title={Search for the Lepton-Flavor-Violating Decays Bs0  },
	author={Aaij, R and Abellan Beteta, C and Adeva, B and Adinolfi, M and Aidala, CA and Ajaltouni, Z and Akar, S and Albicocco, P and Albrecht, J and Alessio, F and others},
	year={2019},
	publisher={American Physical Society}
}

@techreport{aaij2022arxiv,
	title={arXiv: Search for the decay   B },
	author={Aaij, Roel and Torres Machado, Diego and Bradley, Matthew John and Ciezarek, Gregory and Dudek, Maciej Wojciech and Collins, Paula and Piandani, Roberto and Kleijne, Nico and Qian, Wenbin and Sazak, Halime and others},
	year={2022}
}

@article{lhcb2108evidence,
	title={Evidence for a new structure in the psi p systems in B0 s  J  psi pp decays},
	author={LHCb collaboration and Aaij, R and others},
	journal={arXiv preprint arXiv:2108.04720}
}

@article{aaij2022study,
	title={Study of charmonium and charmonium-like contributions in B  J  psi   eta K+ decays},
	author={Aaij, Roel and Abdelmotteleb, Ahmed Sameh Wagih and Abell n Beteta, C and Abudin{ 'e}n, F and Ackernley, Thomas and Adeva, Bernardo and Adinolfi, Marco and Afsharnia, Hossein and Agapopoulou, Christina and Aidala, Christine Angela and others},
	journal={Journal of High Energy Physics},
	volume={2022},
	number={4},
	pages={1--29},
	year={2022},
	publisher={Springer Berlin Heidelberg}
}

@article{aaij2022observation,
	title={Observation of the doubly charmed baryon deca },
	author={Aaij, Roel and Abdelmotteleb, Ahmed Sameh Wagih and Abell n Beteta, C and Abudin{ 'e}n, F and Ackernley, Thomas and Adeva, Bernardo and Adinolfi, Marco and Afsharnia, Hossein and Agapopoulou, Christina and Aidala, Christine Angela and others},
	journal={Journal of High Energy Physics},
	volume={2022},
	number={5},
	pages={1--18},
	year={2022},
	publisher={Springer Berlin Heidelberg}
}

@article{aaij2022measurement,
	title={Measurement of the charm mixing parameter y C P- y C P K   pi  using two-body D 0 meson decays},
	author={Aaij, Roel and Abdelmotteleb, Ahmed Sameh Wagih and Beteta, C Abell n and Abudin{ 'e}n, F and Ackernley, Thomas and Adeva, Bernardo and Adinolfi, Marco and Afsharnia, Hossein and Agapopoulou, Christina and Aidala, Christine Angela and others},
	journal={Physical Review D},
	volume={105},
	number={9},
	pages={092013},
	year={2022},
	publisher={American Physical Society}
}

@article{aaij2021study,
	title={Study of Bs (0)-> J/psi pi (+) pi-K+ K-decays (vol 2, 024, 2021)},
	author={Aaij, R and Beteta, C Abellan and Adeva, B and Adinolfi, M and Aidala, CA and Ajaltouni, Z and Akar, S and Albicocco, P and Albrecht, J and Alessio, F and others},
	journal={JOURNAL OF HIGH ENERGY PHYSICS},
	number={4},
	year={2021}
}

@article{aaij2021measurement,
	title={Measurement of the branching fraction of the      decay},
	author={Aaij, R and Beteta, C Abell n and Ackernley, T and Adeva, B and Adinolfi, M and Afsharnia, H and Aidala, CA and Aiola, S and Ajaltouni, Z and Akar, S and others},
	year={2021}
}

@article{aaij2021study,
	title={Study of       J/  psi   pi +   pi - K+ K- decays},
	author={Aaij, R and Abell n Beteta, C and Ackernley, T and Adeva, B and Adinolfi, M and Afsharnia, H and Aidala, CA and Aiola, S and Ajaltouni, Z and Akar, S and others},
	year={2021}
}

@article{aaij2021first,
	title={First measurement of the    C! P   -violating phase in  phi    decays},
	author={Aaij, R and Abell n Beteta, C and Ackernley, T and Adeva, B and Adinolfi, M and Afsharnia, H and Aidala, CA and Aiola, S and Ajaltouni, Z and Akar, S and others},
	year={2021}
}

@article{aaij2021search,
	title={Search for the doubly charmed baryon       final state},
	author={Aaij, R and Abdelmotteleb, ASW and Abell n Beteta, C and Ackernley, T and Adeva, B and Adinolfi, M and Afsharnia, H and Agapopoulou, C and Aidala, CA and Aiola, S and others},
	year={2021}
}

@article{aaij2021observation,
	title={Observation of a    8 TeV},
	author={Aaij, R and Abdelmotteleb, ASW and Abell n Beteta, C and Ackernley, T and Adeva, B and Adinolfi, M and Afsharnia, H and Aidala, CA and Aiola, S and Ajaltouni, Z and others},
	year={2021}
}

@article{aaij2021angular,
	title={Angular analysis of    },
	author={Aaij, R and Abell n Beteta, C and Ackernley, T and Adeva, B and Adinolfi, M and Afsharnia, H and Aidala, CA and Aiola, S and Ajaltouni, Z and Akar, S and others},
	year={2021}
}

@article{aaij2022first,
	title={First measurement of the   Z  backslash rightarrow  backslash mu  {}+  backslash mu  {}-  angular coefficients in the forward region of   pp   collisions at    backslash sqrt   { s  } = 13  TeV},
	author={Aaij, Roel and Abdelmotteleb, Ahmed Sameh Wagih and Beteta, C Abell n and Abudin{ 'e}n, F and Ackernley, Thomas and Adeva, Bernardo and Adinolfi, Marco and Afsharnia, Hossein and Agapopoulou, Christina and Aidala, Christine Angela and others},
	journal={arXiv preprint arXiv:2203.01602},
	year={2022}
}

@article{aaij2022j,
	title={J photoproduction in Pb-Pb peripheral collisions at s N N= 5 TeV},
	author={Aaij, R and Beteta, C Abellan and Ackernley, T and Adeva, B and Adinolfi, M and Afsharnia, H and Aidala, CA and Aiola, S and Ajaltouni, Z and Akar, S and others},
	journal={Physical Review C},
	volume={105},
	number={3},
	pages={L032201},
	year={2022},
	publisher={American Physical Society}
}

@techreport{aaij2022arxiv,
	title={arXiv: First measurement of the   Z  backslash rightarrow  backslash mu   angular coefficients in the forward region of   pp   collisions at    backslash sqrt  = 13  TeV},
	author={Aaij, Roel and Torres Machado, Diego and De Boer, Jan and Bradley, Matthew John and Ciezarek, Gregory and Dudek, Maciej Wojciech and Collins, Paula and Piandani, Roberto and Kleijne, Nico and Qian, Wenbin and others},
	year={2022}
}

@article{aaij2021search,
	title={Search for the rare decay },
	author={Aaij, Roel and Beteta, C Abell n and Ackernley, Thomas and Adeva, Bernardo and Adinolfi, Marco and Afsharnia, Hossein and Aidala, Christine Angela and Aiola, Salvatore and Ajaltouni, Ziad and Akar, Simon and others},
	journal={Chinese Physics C},
	volume={45},
	number={4},
	pages={043001},
	year={2021},
	publisher={IOP Publishing}
}

@article{aaij2022observation,
	title={Observation of the B   decays},
	author={Aaij, R and Abdelmotteleb, ASW and Beteta, C Abell n and Abudin, F and Ackernley, T and Adeva, B and Adinolfi, M and Afsharnia, H and Agapopoulou, C and Aidala, CA and others},
	journal={Physical Review D},
	volume={105},
	number={7},
	pages={072005},
	year={2022},
	publisher={American Physical Society}
}

@article{aaij2021observation,
	title={Observation of the decay },
	author={Aaij, R and Abell n Beteta, C and Ackernley, T and Adeva, B and Adinolfi, M and Afsharnia, H and Aidala, CA and Aiola, S and Ajaltouni, Z and Akar, S and others},
	year={2021}
}

@article{aaij2022tests,
	title={Tests of Lepton Universality Decays},
	author={Aaij, R and Abdelmotteleb, ASW and Beteta, C Abell n and Abudinn, F and Ackernley, T and Adeva, B and Adinolfi, M and Afsharnia, H and Agapopoulou, C and Aidala, CA and others},
	journal={Physical Review Letters},
	volume={128},
	number={19},
	pages={191802},
	year={2022},
	publisher={American Physical Society}
}

@Comment{jabref-meta: databaseType:biblatex;}
